1719 2649
845 83 868 120 2

203 202 337 247 aliquid
363 200 535 247 perficere
563 212 666 247 posse
695 206 869 247 putarem,
898 201 993 247 quod
1026 211 1070 237 ex
1097 200 1192 236 omni
1219 204 1322 245 parte
1350 210 1511 246 compro-

203 256 360 301 baretur,
388 259 429 292 ιιι
456 266 536 301 spes
564 267 620 293 me
647 256 691 293 ad
720 257 788 293 hoc
816 257 1001 293 consilium
1029 255 1238 291 incenderet
1263 254 1341 292 fore
1377 258 1418 291 ut
1443 256 1511 291 viri

202 321 259 347 me
286 312 474 356 peritiores
502 314 539 347 et
575 312 612 347 in
650 312 861 357 antiquitate
899 312 1140 348 Romanorum
1176 311 1289 354 magis
1326 309 1511 347 exercitati

203 365 473 407 adducerentur,
527 369 566 401 ut
610 375 708 401 suam
755 367 913 410 ipsorum
948 365 1159 401 sententiam
1195 363 1418 409 proferentes
1453 374 1510 400 me

202 419 405 456 edocerent.

312 474 390 519 Qua
417 472 557 519 quidem
586 484 649 519 spe
678 478 872 511 commotus
902 473 1061 511 omnibus
1089 472 1221 509 viribus
1258 471 1438 508 elaboravi
1475 474 1511 507 et

203 528 447 574 quodcumque
487 528 574 564 mihi
613 529 723 565 otium
758 528 825 565 fuit
859 540 881 566 a
918 539 1062 565 munere
1098 527 1229 563 liberos
1266 526 1440 563 educandi
1473 526 1510 561 in

204 593 248 620 eo
276 583 499 628 comsumpsi,
528 587 568 620 ut
594 584 761 628 perlectis
788 588 825 619 et
853 584 968 620 denuo
997 582 1199 619 retractatis
1235 582 1376 626 scriptis
1404 581 1511 617 Plinii

205 648 271 675 nec
307 638 478 684 neglectis
524 640 707 675 sententiis
751 639 907 676 virorum
944 638 1236 680 doctissimorum,
1280 647 1367 682 quos
1403 645 1510 682 supra

203 693 485 734 commemorari,
524 703 659 728 morum
696 694 770 736 ejus
805 693 1090 737 descriptionem,
1135 692 1229 737 quod
1262 700 1329 735 ego
1368 691 1510 735 quidem

203 746 342 790 scirem,
371 756 476 792 quam
503 746 705 792 planissime
734 757 959 793 exponerem.

419 915 480 963 nu
517 917 607 964 vita
643 919 688 965 a.
722 918 851 965 Plinii
886 892 1056 965 caecilii
1090 914 1286 963 Secundi.

629 1021 677 1062 A.
708 1021 755 1062 de
784 1022 873 1062 vita
899 1021 1072 1073 publica.

314 1121 357 1158 G.
387 1121 524 1157 Plinius
552 1120 727 1157 Caecilius
753 1123 933 1159 Secundus
971 1125 1074 1158 natus
1109 1125 1163 1157 est
1200 1130 1304 1156 anno>
1320 1118 1509 1155 DCCCXV

202 1186 238 1213 u.
267 1185 301 1214 c.
328 1175 385 1212 vel
413 1185 505 1212 anno
534 1175 638 1211 LXII
666 1180 747 1221 post
775 1177 950 1213 Christum
977 1179 1109 1220 natum,
1138 1185 1231 1212 anno
1251 1174 1400 1219 septimo
1414 1173 1509 1218 prin-

202 1231 341 1274 cipatus
368 1230 531 1266 Neronis.
570 1231 618 1265 Et
645 1231 713 1266 hoc
741 1242 834 1268 anno
856 1233 1008 1267 Plinium
1037 1241 1113 1266 esse
1143 1234 1259 1266 ortum
1287 1229 1372 1265 satis
1400 1238 1510 1272 appa-

201 1288 259 1320 ret
286 1294 330 1320 ex
359 1285 463 1328 epist.
492 1284 553 1328 VI,
584 1285 647 1329 20,
678 1286 714 1327 5,
742 1286 803 1321 ubi
837 1287 913 1330 ipse
951 1285 1173 1330 eruptionem
1207 1285 1339 1329 ignium
1367 1282 1510 1319 Vesuvii

201 1339 340 1382 montis,
369 1349 474 1382 quam
511 1349 604 1374 anno
643 1340 801 1376 LXXIX
840 1339 946 1376 fuisse
983 1341 1069 1376 satis
1107 1342 1256 1383 constat,
1307 1337 1508 1373 describens

202 1392 302 1428 dicit:
341 1392 515 1436 „agebam
552 1393 645 1428 enim
683 1394 1025 1429 duodevicensimum
1063 1395 1233 1428 annum“.
1291 1391 1399 1439 (Usus
1432 1401 1508 1426 sum

203 1446 360 1483 editione
389 1446 539 1482 Henrici
565 1447 658 1491 Keil,
687 1447 830 1493 Lipsiae
863 1448 995 1494 1863.)
1052 1447 1131 1483 Hac
1158 1447 1202 1483 de
1230 1456 1270 1482 re
1306 1444 1509 1482 conferatur

202 1502 309 1536 etiam
338 1501 536 1536 Massonius
563 1512 645 1545 pag.
691 1503 709 1538 1
750 1507 786 1537 et
825 1504 888 1540 30.
946 1503 985 1539 C.
1022 1502 1128 1537 Plinii
1164 1501 1317 1537 Secundi
1335 1500 1508 1550 »Junioris

201 1555 274 1591 vita
302 1554 426 1591 ordine
453 1555 703 1597 chronologico
733 1556 880 1601 digesta,
908 1556 1164 1593 Amstelodami
1196 1553 1330 1601 1709)
1385 1554 1508 1590 Patria

201 1609 309 1645 Plinii
336 1608 404 1645 fuit
429 1609 567 1646 Novum
596 1610 751 1655 Comum,
780 1612 1007 1656 municipium
1045 1611 1183 1647 Galliae
1218 1610 1506 1654 Transpadauae,

200 1664 294 1699 lacui
322 1664 431 1699 Lario
460 1665 611 1700 vicinum
640 1664 685 1702 cf.
715 1676 772 1710 ep.
803 1666 865 1709 IV,
898 1668 959 1710 30,
994 1667 1027 1703 1‘.
1057 1666 1117 1710 VI,
1146 1667 1209 1710 24,
1240 1664 1261 1698 2
1293 1667 1329 1699 et
1358 1665 1395 1700 5.
1425 1659 1506 1707 VII,

206 1719 265 1762 11,
296 1719 332 1755 5.
390 1719 495 1755 Ortus
523 1723 641 1755 autem
670 1724 724 1755 est
748 1724 851 1764 patre
879 1721 991 1756 Lucio
1021 1720 1175 1757 Caecilio
1211 1719 1382 1765 (Masson.
1421 1728 1503 1762 pag.

203 1772 239 1816 2,
267 1771 317 1818 11)
347 1776 384 1807 et
409 1776 522 1808 matre
552 1773 679 1816 Plinia,
707 1784 830 1811 sorore
858 1775 965 1811 Plinii
998 1775 1093 1811 illius
1127 1773 1297 1810 historiae
1334 1772 1505 1808 naturalis

201 1827 395 1871 scriptoris.
440 1827 495 1862 De
517 1828 640 1868 ordine
670 1828 814 1865 Caecilii
841 1831 954 1873 patris
981 1830 1069 1865 nihil
1097 1830 1181 1865 satis
1201 1830 1357 1870 constat3
1386 1836 1505 1871 quam-

202 1891 306 1925 quam
335 1891 421 1925 gens
450 1880 606 1916 Caecilia
633 1882 774 1926 plebeja
800 1883 878 1927 fuit,
911 1887 1030 1919 tamen
1067 1894 1145 1919 eam
1183 1892 1353 1917 summum
1387 1881 1505 1916 locum

200 1935 238 1970 in
265 1936 407 1971 civitate
436 1936 588 1971 tenuisse
618 1940 654 1971 et
682 1937 815 1973 ordinis
843 1939 1015 1983 equestris
1049 1936 1157 1973 fuisse
1194 1932 1503 1985 (Novocomensis)

201 1989 296 2033 apud
324 1989 449 2033 VelleJ.
486 1990 713 2026 Paterculum
740 1992 789 2033 ΙΙ,
822 1993 882 2035 11,
924 1994 945 2027 3
985 1992 1133 2036 legimus
1167 1995 1204 2028 et
1237 1991 1332 2036 apud
1365 1991 1504 2026 Livium

200 2043 261 2087 IV,
292 2044 336 2088 '73
362 2044 423 2080 ubi
446 2045 519 2088 jam
548 2055 640 2081 anno
671 2045 792 2083 CCCX
818 2056 855 2082 a·
883 2046 927 2084 U.
958 2057 987 2084 c.
1016 2047 1114 2083 Titus
1151 2046 1310 2084 Caeciius
1343 2045 1503 2082 tribunus

200 2098 348 2133 militum
390 2100 566 2135 consulari
605 2104 782 2145 potestate
825 2105 966 2137 creatus
1012 2104 1316 2138 commemoratur.
1391 2100 1503 2143 Quam

199 2155 354 2188 veterem
384 2163 468 2188 suae
496 2155 611 2198 gentis
638 2155 859 2191 nobilitatem
887 2160 1026 2191 secutus
1062 2158 1139 2201 ipse
1169 2167 1225 2200 ep.
1254 2154 1355 2193 VIII.
1389 2155 1448 2192 10.
1479 2155 1500 2189 3

201 2206 289 2242 dicit
315 2207 469 2243 Plinius:
504 2209 650 2252 „quibus
679 2207 832 2258 (liberis)
861 2210 984 2246 videor
1010 2221 1090 2246 meo
1128 2212 1242 2247 latere
1277 2219 1428 2254 pronum
1456 2207 1504 2244 ad

198 2260 352 2297 honores
379 2263 449 2297 iter
476 2266 513 2298 et
538 2264 660 2299 audita
686 2265 793 2300 latius
819 2266 962 2300 nomina
991 2270 1027 2301 et
1054 2276 1124 2301 non
1160 2265 1294 2301 subitas
1330 2264 1502 2308 imagines

198 2315 424 2360 relicturus“‚
453 2320 490 2352 ct
517 2328 572 2362 ep.
600 2319 648 2362 X,
680 2321 715 2354 8.
750 2322 782 2357 1.
816 2324 973 2363 „statuas
1000 2321 1210 2366 principum,
1240 2328 1327 2364 quas
1361 2320 1399 2354 in
1426 2319 1503 2354 lon·

197 2370 337 2414 ginquis
382 2372 476 2415 agris
510 2383 577 2416 per
616 2374 737 2418 plures
785 2376 1022 2412 successiones
1068 2376 1218 2412 traditas
1257 2373 1343 2410 mihi
1379 2374 1501 2419 quales

196 2435 417 2471 acceperam,
443 2428 721 2467 custodiebam“.
