1719 2649
864 131 916 168 2⁷

241 252 343 290 abest
369 255 409 290 ut
435 250 589 289 Plinium
616 249 660 286 de
687 248 742 285 his
778 248 874 286 vitiis
913 248 1021 295 plane
1061 249 1206 295 purgari
1247 259 1351 295 posse
1391 252 1543 297 credam,

239 310 280 346 ut
303 315 385 345 eum
410 307 614 343 excusatam
641 303 758 341 velim.
813 302 1011 339 Praeterea
1045 304 1275 341 omittendum
1309 315 1379 341 non
1417 310 1471 342 est
1505 309 1542 342 in

239 360 398 405 epistolis
425 358 531 395 Plinii
558 357 741 401 complura
767 356 931 401 exempla
958 366 1063 394 verae
1091 361 1128 393 et
1156 359 1319 403 egregiae
1342 360 1541 396 modestiae

239 416 392 451 exstare.
421 417 461 449 ut
486 412 517 457 1,
549 412 609 456 10,
640 412 677 454 3,
714 414 803 453 „aut
837 420 904 456 ego
932 420 1024 447 nunc
1047 411 1129 448 illas
1159 411 1322 461 (virtutes
1347 413 1543 459 Euphratis

238 464 454 514 philosophi)
481 466 594 511 magis
619 465 740 508 miror,
783 465 867 511 quia
890 467 1003 511 magis
1039 466 1216 512 intelligo;
1259 478 1469 513 quamquam
1497 479 1542 504 ne

237 531 329 558 nuno
356 521 497 565 quidem
524 520 614 555 satis
640 518 840 563 inteuigo‘u
895 519 964 561 ΠΙ,
996 521 1032 563 5,
1068 522 1127 557 19.
1164 522 1264 566 „quis
1291 533 1335 559 ex
1362 523 1453 565 istis,
1482 523 1543 567 qui

237 579 315 614 tota
341 575 414 612 vita
440 574 568 612 litteris
595 572 760 610 adsident
799 573 950 610 collatus
991 573 1045 609 illi
1085 573 1286 621 (avunculo)
1329 587 1399 612 non
1440 577 1539 621 quasi

237 638 360 666 somno
389 632 426 665 et
451 629 601 665 inertiae
643 627 782 663 deditus
819 627 1052 664 erubescat‘2?
1092 628 1157 673 111,
1197 631 1233 672 6,
1278 632 1308 665 1.
1346 634 1539 675 „quantum

242 692 308 728 ego
336 683 448 728 sapio,
478 682 540 727 qui
564 681 715 718 fortasse
742 682 778 718 in
806 682 900 718 omni
925 692 966 718 re
993 682 1030 717 in
1057 681 1124 718 hac
1152 686 1248 719 certe
1276 694 1447 729 perquam
1467 685 1539 721 exi-

241 748 347 783 guum
377 737 514 783 sapio“.
573 736 633 780 IV,
663 736 699 780 8,
729 737 778 774 5:
806 736 892 780 „sed
918 737 1050 773 utinam
1078 747 1185 774 senex
1211 738 1337 775 saltem
1363 740 1539 784 ingenium

238 793 313 836 ejus
341 790 552 837 (Ciceronis)
588 791 707 835 aliqua
749 801 792 826 ex
820 794 923 835 parte
951 792 1090 836 assequi
1116 794 1299 836 possem1“
1356 793 1400 834 V,
1431 795 1466 837 8,
1496 796 1538 829 8:

239 855 307 889 „ac
335 855 427 882 nunc
456 844 595 884 demum
633 842 740 893 (anno
774 844 915 881 circiter
943 844 1033 892 ΟΠ.)
1069 845 1154 890 quid
1194 849 1318 882 orator
1353 852 1537 892 praestare

238 900 368 937 debeat
394 899 509 937 adhuc
535 903 654 936 tamen
690 909 758 944 per
796 900 981 945 caliginem
1022 900 1160 945 video“,
1203 900 1308 946 (hauc
1349 902 1536 946 epistulam

235 955 298 991 illo
326 964 419 992 anno
447 963 524 990 esse
551 954 718 999 scriptam
747 963 792 990 ex
821 964 864 990 eo
891 954 1054 999 conjicio,
1082 954 1178 999 quod
1206 955 1308 991 dicit:
1337 957 1419 1001 „egi
1439 966 1536 1002 mag-

235 1019 300 1046 nas
328 1013 365 1046 et
401 1018 527 1054 graves
553 1010 704 1045 causas“
730 1008 755 1046 1.
784 1009 881 1046 laud.
913 1011 950 1052 6,
978 1007 1182 1045 conferatur
1208 1019 1345 1055 quoque
1374 1011 1434 1053 VI,
1465 1012 1531 1055 29,

239 1065 261 1100 8
306 1063 366 1100 ubi
403 1063 467 1099 has
495 1072 619 1099 causas
654 1063 826 1109 nominat)
869 1062 909 1107 V,
943 1064 1004 1106 15,
1045 1064 1082 1099 in
1125 1074 1194 1109 qua
1220 1063 1328 1106 Arrio
1356 1064 1534 1101 Antonino

241 1118 355 1156 amico
387 1116 526 1154 scribit:
558 1128 687 1163 „quum
701 1127 820 1155 versus
833 1122 912 1161 tuos
937 1118 1106 1161 aemulor,
1136 1122 1209 1155 tum
1236 1119 1398 1163 maxime,
1428 1130 1533 1165 quam

232 1173 303 1208 sint
329 1173 414 1209 boni
440 1172 616 1217 experior.
635 1174 646 1183 ’
673 1172 722 1208 Ut
758 1173 850 1214 enim
876 1173 1030 1217 pictores
1058 1173 1241 1217 pulchram
1267 1173 1532 1219 absolutamque

232 1226 358 1262 faciem
387 1236 469 1262 raro
497 1226 564 1261 nisi
591 1227 627 1262 in
654 1227 755 1270 pejus
783 1224 963 1271 effingunt,
996 1227 1048 1262 ita
1076 1237 1143 1271 ego
1171 1227 1216 1262 ab
1244 1227 1311 1263 hoc
1339 1228 1531 1274 archetypo

231 1280 334 1316 labor
361 1285 398 1316 et
426 1280 589 1322 decid0“,
618 1280 717 1323 vm,
749 1281 785 1323 7,
817 1280 839 1315 2
874 1280 959 1324 „sed
984 1290 1029 1316 ne
1066 1280 1256 1325 discipulus
1294 1282 1435 1326 quidem
1473 1283 1531 1318 de·

230 1335 333 1373 beam
361 1334 433 1376 dici
459 1333 624 1382 (Taciti)“
656 1333 699 1378 V,
730 1335 769 1378 3,
802 1334 841 1371 7:
876 1334 963 1379 „sed
986 1334 1040 1370 illi
1068 1334 1134 1374 (Μ.
1160 1334 1308 1379 Tullius,
1338 1335 1377 1373 C.
1404 1336 1531 1381 Calvus

231 1390 293 1426 alii
320 1388 366 1432 cf,
395 1389 420 1427 1.
452 1389 531 1426 eod.
563 1389 602 1435 5)
626 1389 760 1433 judicio
797 1398 861 1425 suo
907 1392 1072 1434 poterant
1118 1392 1193 1425 esse
1235 1391 1401 1435 contenti,
1445 1391 1532 1427 mihi

230 1444 421 1481 modestior
459 1443 657 1480 constantia
697 1447 763 1486 est,
807 1452 910 1489 quam
952 1447 991 1479 ut
1032 1444 1118 1479 satis
1158 1443 1354 1480 absolutum
1396 1449 1529 1490 putem,

229 1499 323 1545 quod
350 1509 373 1534 a
398 1508 454 1535 me
479 1497 684 1543 probetur“.

339 1553 410 1589 Sed
437 1554 522 1588 satis
558 1552 602 1587 de
643 1551 730 1596 hoc;
772 1554 992 1587 transeamus
1033 1550 1081 1587 ad
1121 1550 1219 1587 aliud
1259 1552 1391 1597 ingenii
1425 1554 1533 1590 Plinii

229 1610 458 1650 momentum
499 1606 690 1648 videamus,
732 1606 817 1651 quid
844 1605 888 1642 de
917 1605 984 1641 diis
1010 1614 1201 1650 eorumque
1228 1605 1263 1642 vi
1299 1608 1346 1643 ad
1372 1618 1429 1644 res
1469 1609 1532 1644 hu-

229 1671 351 1698 manas
377 1661 536 1697 senserit.
645 1656 647 1658 ’

343 1716 511 1754 Veterum
539 1717 657 1751 autem
685 1714 966 1751 doctissimorum
994 1713 1130 1750 animos
1157 1713 1312 1751 nondum
1340 1715 1385 1751 ad
1404 1716 1532 1752 rectio-

230 1780 306 1808 rem
332 1771 583 1815 melioremque
612 1771 850 1815 cognitionem
879 1770 949 1813 dei,
987 1778 1077 1815 quae
1106 1769 1183 1805 sola
1211 1779 1230 1805 e
1258 1770 1449 1806 christiana
1474 1781 1530 1806 re-

229 1825 361 1870 ligione
390 1823 624 1870 proficiscitur
650 1824 842 1869 perductos
870 1833 1017 1869 eamque
1053 1822 1098 1859 ob
1127 1833 1202 1858 rem
1231 1824 1275 1860 de
1312 1825 1455 1860 notione
1494 1828 1531 1861 et

230 1880 266 1916 vi
293 1880 437 1916 deorum
466 1880 559 1915 inter
586 1889 623 1915 se
661 1880 812 1915 maxime
846 1878 1093 1923 discrepantes
1129 1877 1243 1913 nullas
1280 1877 1370 1914 alias
1403 1889 1529 1916 causas

231 1938 269 1970 et
294 1934 392 1973 nulla
418 1933 593 1979 principia
620 1943 737 1971 rerum
767 1933 961 1970 divinarum
989 1933 1057 1968 nisi
1083 1931 1182 1968 fictas
1211 1938 1247 1969 et
1267 1934 1529 1970 commenticias

230 1987 368 2025 fabulas
395 1998 471 2023 esse
500 1991 650 2032 secutos,
686 1989 780 2024 inter
807 1997 929 2023 omnes
966 1987 1051 2031 satis
1085 1990 1234 2024 constat.
1289 1987 1381 2022 Nam
1415 1988 1527 2023 varie-

230 2045 339 2080 tatem
368 2041 612 2078 admirabilem
635 2042 817 2078 stellarum
836 2040 1139 2078 innumerabilium
1167 2043 1204 2076 et
1230 2041 1379 2077 circulos
1407 2041 1527 2077 orbes-

231 2106 298 2140 que
326 2106 408 2133 suos
442 2097 515 2132 sine
553 2096 626 2132 ulla
663 2096 887 2133 aberratione
922 2094 1177 2132 conficientium
1213 2095 1440 2140 contemplati
1474 2097 1525 2131 in-

230 2150 454 2193 tellexerunt,
483 2160 610 2193 numen
638 2150 813 2194 quoddam
839 2150 992 2186 divinum
1019 2152 1056 2184 et
1082 2148 1359 2192 potentissimum
1386 2149 1434 2184 sit
1467 2159 1527 2185 ne-

230 2213 327 2241 cesse
357 2214 445 2249 esse,
485 2204 582 2249 cujus
617 2203 797 2241 voluntate
832 2207 869 2241 et
899 2202 1043 2239 consilio
1072 2205 1109 2237 et
1134 2205 1343 2246 regerentur
1380 2206 1418 2239 et
1444 2213 1526 2239 con-

231 2262 472 2301 servarentur3
499 2258 604 2294 modo
634 2268 729 2300 vero,
766 2268 928 2302 magnam
956 2256 1047 2293 hanc
1073 2256 1110 2291 in
1139 2257 1372 2292 constantiam
1398 2267 1525 2302 perpe-

232 2314 397 2357 tuamque
424 2311 698 2348 voluntationem
728 2315 765 2348 et
791 2311 1052 2347 fluctuationem
1079 2319 1196 2344 rerum
1217 2310 1447 2347 humanarum
1474 2311 1526 2346 in-

230 2365 319 2409 tuiti,
346 2367 383 2402 in
410 2365 535 2411 quibus
561 2364 647 2401 nihil
675 2366 776 2410 certi,
817 2365 904 2402 nihil
930 2367 1106 2406 constans,
1149 2363 1236 2400 nibil
1272 2363 1448 2403 obfirmati
1474 2365 1526 2401 in-

231 2423 333 2465 esset,
363 2420 620 2465 dubitaverunt,
649 2430 731 2456 num
757 2420 825 2456 bne
853 2429 910 2456 res
927 2419 1070 2456 hnmani
1087 2418 1226 2463 generis
1247 2420 1371 2458 eodem
1384 2421 1525 2457 numine

230 2471 423 2520 eodemque
452 2475 597 2512 consilio
627 2484 696 2520 quo
726 2475 821 2519 illae,
857 2472 1074 2521 regerentur,
1114 2484 1159 2510 an
1193 2472 1266 2511 fato
1296 2475 1447 2520 quodam
1475 2476 1527 2511 in·
