1719 2649
835 120 885 156 25

217 243 383 285 peratore
437 236 632 273 inconsulto
688 239 726 271 et
779 235 847 272 hoc
900 235 1028 272 fiducia
1082 235 1321 280 indulgentiae
1375 237 1520 282 Trajani

218 292 343 332 seems
375 291 423 334 X,
454 289 546 328 120.
805 300 808 302 ·

329 344 403 389 „Ut
436 354 521 382 vero
557 344 595 379 in
629 343 770 388 pictura
805 342 923 379 lumen
957 353 1029 380 non
1064 343 1137 380 alia
1171 353 1230 380 res
1264 344 1376 388 magis
1414 354 1520 389 quam

216 399 340 437 umbra
374 398 619 435 commendat“
656 396 729 442 (Ill,
769 398 829 441 13,
858 396 898 445 4)
934 397 985 433 ita
1020 398 1057 434 in
1090 398 1357 435 adumbratione
1385 408 1521 435 morum

215 453 322 492 Plinii
336 462 473 498 2parum
501 451 619 489 valida
645 452 778 496 ingenii
804 461 888 497 pars
928 452 1067 488 silentio
1103 453 1317 490 transeunda
1354 462 1425 489 non
1454 457 1519 489 est.

321 507 441 543 Nimia
468 507 562 543 enim
586 505 780 550 cupiditate
815 506 975 542 incensus
1004 507 1184 551 jactanter
1218 518 1256 543 se
1293 508 1408 552 ipsum
1444 507 1522 543 imi-

215 563 367 597 tatorem
393 560 640 597 Demosthenis
667 559 707 605 (l,
738 561 775 602 2,
806 557 861 608 2.)
891 564 928 596 et
953 560 1006 596 M.
1034 560 1141 596 Tullii
1157 560 1336 597 Ciceronis
1362 561 1520 597 nomina-

215 614 358 661 bean,
388 616 425 660 2,
456 616 493 653 4.
531 615 555 659 l,
592 615 628 658 5,
669 615 731 657 12,
769 613 825 659 lv,
864 615 901 657 8,
941 614 996 661 4.)
1029 615 1186 660 timebat,
1226 626 1271 652 ne
1308 616 1519 653 existimatio

215 668 435 715 dignitasque
462 679 526 705 sua
560 669 599 705 in
638 668 826 705 discrimen
863 668 1111 713 adduceretur,
1153 673 1189 706 et
1226 671 1303 715 ipse
1332 670 1521 706 Caesarem

216 722 398 768 decepisse
435 723 627 766 videretur,
673 723 705 759 si
740 723 868 759 Sextus
902 724 1053 761 Erucius
1079 724 1295 760 tribunatum
1335 734 1407 760 non
1445 724 1519 760 adi-

215 778 421 822 pheor-etur,
449 778 488 822 ll,
518 779 557 821 9;
586 778 746 823 queritur
782 778 827 815 de
854 778 968 814 causis
995 779 1303 815 centumviralibus
1336 782 1375 815 ut
1403 779 1522 823 parvis

214 835 252 868 et
278 832 438 874 exilibus,
465 832 589 877 quibus
616 832 757 877 quidem
784 842 823 868 se
859 833 971 877 magis
1008 833 1169 869 exerceri
1208 843 1311 878 quam
1350 833 1522 869 delectari

214 885 309 929 dicit,
337 889 529 931 propterea
557 887 651 931 quod
683 896 788 929 „raro
815 887 872 923 vel
897 897 1128 931 personarum
1167 887 1329 923 claritate
1367 887 1424 923 vel
1460 897 1520 923 ne-

213 940 301 985 gotii
339 940 578 986 magnitudine
620 941 765 986 insignis
807 941 982 978 incideret
1025 942 1078 988 (ll,
1120 943 1182 986 14,
1223 941 1272 989 1.)
1310 942 1423 987 iisque
1459 951 1518 978 res

213 994 365 1031 illustres
400 999 437 1032 et
457 995 586 1032 ‘claras
629 994 863 1040 anteferebat,
918 997 1043 1042 quibus
1079 997 1250 1040 majorem
1294 997 1444 1042 gloriam
1480 999 1520 1033 ct

212 1047 342 1085 famam
368 1049 436 1086 sibi
461 1060 590 1095 parare
617 1054 737 1096 posset
763 1048 816 1094 Vl,
847 1051 909 1095 29,
940 1053 977 1089 3.
1034 1051 1173 1095 Quanta
1194 1052 1368 1096 jactantia
1394 1051 1519 1096 imple-

212 1106 270 1139 tus
296 1104 457 1140 Maurico
485 1106 597 1140 amico
621 1106 776 1141 nuntiat:
809 1105 991 1149 „proxime
1018 1103 1196 1149 frequenti
1220 1105 1395 1141 auditorio
1423 1106 1518 1141 inter

216 1166 255 1193 se
282 1166 401 1194 coram
427 1158 545 1195 multis
573 1159 705 1195 ordinis
732 1159 844 1195 nostri
869 1159 965 1195 clare
988 1159 1219 1203 jocabanturx
1257 1159 1400 1203 intravi,
1435 1169 1516 1195 con·

213 1211 423 1254 ticuerunt,“
454 1212 492 1257 11,
525 1214 586 1256 18,
618 1213 654 1256 2,
691 1216 728 1249 et
760 1213 831 1248 alio
865 1213 967 1250 locoz
1012 1212 1238 1258 ,frequenter
1274 1214 1395 1257 agenti
1431 1214 1519 1250 mihi

214 1266 343 1307 evenit,
372 1269 412 1302 ut
439 1267 645 1303 centumviri
673 1277 778 1312 quum
805 1267 866 1302 diu
892 1277 931 1303 se
956 1268 1055 1303 intra
1077 1267 1235 1311 judicum
1270 1267 1518 1305 auctoritatem

215 1320 494 1365 gravitatemque
522 1321 725 1364 tenuissent,
756 1330 877 1357 omnes
903 1324 1050 1366 repente
1079 1322 1181 1366 quasi
1214 1321 1299 1357 victi
1332 1322 1516 1367 coactique

214 1378 465 1419 consurgerent
490 1375 754 1420 laudarentque,
781 1373 985 1420 frequenter
1011 1386 1031 1412 e
1055 1379 1179 1412 senatu
1207 1375 1348 1418 famam,
1378 1377 1518 1420 qualem

215 1429 367 1465 maxime
396 1432 602 1473 optaveram
636 1429 779 1465 rettuli“
818 1430 879 1472 lX,
920 1432 984 1471 23,
1025 1431 1043 1465 1
1075 1433 1114 1465 et
1141 1432 1179 1465 2.
1234 1430 1428 1466 Immodica
1463 1431 1518 1466 sui

215 1483 471 1520 existimatione
498 1494 521 1520 a
547 1483 670 1520 Tacito
712 1483 922 1528 deprecatus
950 1485 1004 1520 est
1030 1486 1070 1519 ut
1095 1482 1226 1519 factum
1260 1484 1388 1528 ipsiuS,
1424 1485 1518 1529 quod

214 1537 355 1581 plurimi
397 1538 580 1583 pependit,
637 1536 876 1574 defensionem
912 1538 1137 1574 Baeticorum
1181 1540 1306 1573 contra
1347 1538 1519 1575 Baebium

213 1591 380 1634 Massam,
408 1591 634 1628 historiarum
661 1592 774 1634 libris,
802 1602 889 1637 quos
922 1592 1139 1628 immortales
1175 1602 1253 1628 esse
1287 1590 1423 1629 futuros
1460 1604 1521 1630 au:

214 1645 416 1690 gurabatur,
443 1647 616 1683 insereret
644 1646 729 1692 (Vll,
761 1647 824 1689 33,
858 1649 875 1681 1
909 1650 946 1682 et
973 1647 1045 1692 4.);
1085 1656 1189 1691 quam
1227 1647 1380 1691 gloriose
1415 1657 1520 1692 prae·

216 1700 324 1742 dicat,
384 1710 445 1743 „se
488 1701 708 1746 juveniorcm
753 1700 972 1737 consulatum
1006 1704 1230 1737 consecutum
1267 1710 1355 1744 esse,
1414 1712 1518 1746 quam

214 1753 339 1791 Cicero
367 1755 423 1797 IV,
454 1756 491 1799 8,
521 1756 557 1792 5.
586 1753 724 1800 profert
750 1765 904 1798 carmen,
941 1765 1010 1800 quo
1038 1756 1215 1791 Martialis
1242 1755 1382 1791 laudem
1418 1765 1518 1791 suam

214 1808 373 1845 celebrat
408 1809 459 1852 lll,
504 1812 566 1845 21.
611 1808 796 1845 immodice
843 1812 880 1845 et
913 1809 1035 1853 inepte
1062 1810 1228 1851 lactatur,
1265 1808 1360 1854 quod
1389 1819 1518 1846 nomen

214 1873 314 1899 suum
341 1872 411 1899 una
439 1873 517 1899 cum
546 1863 670 1905 Taciti,
709 1863 776 1900 viri
811 1863 1036 1899 illustrissimi
1071 1864 1108 1899 in
1143 1873 1304 1899 sermone
1337 1863 1517 1900 hominum

214 1917 438 1954 versabatur:
470 1918 635 1961 „Tacitus
663 1927 701 1953 es
728 1927 774 1953 au
801 1917 973 1954 Plinius“.
1004 1918 1082 1963 (IX,
1115 1917 1177 1961 23,
1209 1914 1261 1965 3),
1291 1921 1328 1953 et
1355 1918 1429 1954 sine
1445 1918 1520 1954 ulla

214 1972 428 2008 verecundia
453 1970 596 2017 fatetur,
628 1982 689 2015 „se
704 1972 875 2017 repetisse
896 1981 940 2008 ea
966 1972 1129 2016 maxime,
1156 1981 1246 2017 quae
1274 1971 1406 2009 Sardus
1433 1973 1520 2009 ami-

216 2036 277 2063 cus
304 2026 349 2063 de
375 2026 460 2072 ipso
487 2027 706 2071 scripsisset“
737 2027 797 2069 IX,
819 2028 882 2069 31,
902 2029 935 2062 1.
959 2026 1140 2071 jubetque,
1168 2036 1273 2071 quum
1301 2026 1519 2063 Corinthium

216 2081 352 2125 signum
399 2080 624 2118 Comensibus
667 2081 844 2124 donasset,
887 2081 1000 2117 basim
1046 2089 1279 2116 marmoream
1322 2079 1417 2123 fieri,
1463 2082 1521 2117 cui

218 2145 346 2172 nomen
373 2144 473 2172 suum
499 2135 721 2180 honoresque
748 2134 1023 2171 inscriberentur
1047 2134 1099 2177 111,
1130 2136 1166 2171 6.
1198 2135 1237 2174 5.

324 2189 401 2226 Nec
436 2190 571 2227 minore
615 2191 820 2235 arrogantia
865 2189 909 2225 de
948 2198 987 2224 se
1034 2189 1111 2232 ipso
1144 2188 1330 2233 praedicat
1365 2190 1519 2225 orationi

218 2244 357 2280 cuidam
393 2253 476 2281 suae
518 2245 687 2289 majorem
722 2254 827 2289 quam
863 2242 1107 2279 Demosthenis
1144 2242 1285 2278 laudem
1321 2243 1518 2279 attribuens

217 2297 278 2340 IV,
309 2299 346 2341 5,
375 2299 564 2336 versiculos
591 2308 673 2334 suos
701 2299 875 2344 copiosius
902 2307 1007 2342 qnam
1033 2296 1238 2342 prudentius
1269 2295 1459 2334 defendens
1477 2297 1521 2341 V,

221 2352 242 2388 3
280 2352 363 2397 Vlll,
401 2355 467 2392 21,
505 2356 610 2399 atque
654 2353 762 2390 etiam
806 2352 988 2398 gloriatur,
1032 2351 1370 2397 „hendecasyllabos
1407 2351 1519 2398 (suos)

219 2406 290 2451 legi
318 2407 480 2453 describi,
509 2408 646 2445 cantari
674 2411 710 2444 et
737 2418 760 2444 a
789 2407 933 2444 Graecis
964 2416 1115 2452 quoque,
1146 2416 1233 2452 quos
1270 2417 1392 2443 eorum
1420 2416 1521 2443 amor

219 2460 345 2498 Latine
375 2462 545 2509 docuerit,
572 2463 709 2500 cithara
736 2466 773 2500 et
798 2463 877 2509 lyra
901 2461 1121 2508 personari“.
1152 2462 1222 2507 Vll,
1248 2463 1285 2507 4,
1308 2464 1344 2500 9.
1389 2461 1522 2507 Quibus

1259 2524 1281 2556 4
