1719 2649
838 91 890 128 30

311 207 451 253 Quanta
491 208 628 254 pietate
670 208 807 246 Plinius
847 209 922 255 ipse
959 208 1106 247 deorum
1145 208 1276 257 cultum
1315 210 1510 250 servaverit

201 263 330 307 conjici
373 265 493 307 potest
532 272 552 298 e
588 260 840 306 munificentia,
882 273 961 308 qua
993 272 1058 299 sua
1096 264 1249 306 pecunia
1275 263 1444 308 templum
1470 264 1510 302 in

202 316 334 361 oppido
362 315 584 352 'I'ifernorum
605 316 862 354 .Tiberinorum
889 317 1061 353 exstruxit
1087 315 1145 358 lv,
1180 318 1213 354 1.
1242 326 1313 361 qua
1338 317 1376 353 in
1403 325 1507 362 prae·

204 370 272 406 diis
298 371 371 406 suis
398 370 539 411 Cereris
594 371 764 416 templum
805 381 875 408 non
916 371 1029 408 solnm
1077 369 1203 408 refecit
1236 380 1358 407 verum
1402 371 1508 409 etiam

203 423 432 469 amplificavit
457 425 521 467 IX,
548 426 612 469 39,
640 435 745 470 quam
772 425 938 470 religiose
966 424 1163 467 haesitavit,
1191 435 1274 461 num
1301 424 1401 461 salva
1426 425 1510 461 reli·

200 479 305 522 gione
347 478 456 521 aedes
482 478 611 515 Matris
637 479 799 525 Magnae⁴
820 478 1049 516 Nicomediae
1091 477 1276 516 transferri
1315 481 1435 524 posset
1458 478 1507 521 X,

201 534 266 575 49,
298 543 380 568 num
408 532 580 577 reliquiae
608 536 827 571 mortuorum
853 534 891 570 in
917 533 1025 570 alium
1061 533 1175 569 locum
1208 536 1358 578 propter
1397 531 1510 569 flumi-

201 587 256 622 nis
283 588 462 622 incursum
488 585 756 624 transferendae
783 591 902 625 essent
927 588 974 630 X,
1006 587 1069 624 68.

311 640 369 676 Ex
397 640 521 677 eadem
549 643 726 678 sententia
752 642 861 679 Plinii
887 642 932 679 de
959 641 1130 686 potentia,
1167 651 1237 685 qua
1265 640 1315 676 dii
1341 641 1378 676 in
1405 640 1511 680 rebus

199 694 363 730 humanis
389 697 583 737 uterentur,
626 705 672 731 ea
709 705 817 733 causa
859 696 965 732 etiam
1006 694 1203 740 repetenda
1243 698 1310 737 est,
1352 704 1423 740 qua
1447 694 1509 733 ine

199 749 510 794 superstitionibus
537 749 710 787 obnoxius
744 749 823 791 fuit,
881 750 1007 795 Opinio
1048 751 1141 786 enim
1180 749 1251 785 illis
1292 748 1511 793 temporibus

204 803 415 847 pervulgata
443 807 536 847 erat,
561 803 647 840 deos
674 814 732 840 res
759 804 929 840 humanas
956 807 1121 840 curantes
1147 803 1343 850 praesagiis
1370 802 1510 848 quibus—

200 857 281 892 dam
307 867 554 902 nonnunquam
578 857 777 894 bominibus
802 868 860 894 res
892 857 1028 894 futuras
1063 857 1234 900 indicare,
1269 856 1394 902 quibus
1431 857 1510 897 dili·

199 914 326 957 genter
353 911 550 949 observatis
577 912 797 949 calamitates
823 914 964 958 saepius
992 912 1119 951 evitari
1138 915 1293 957 possent.
1333 911 1510 957 Exempla

198 966 301 1011 hujus
338 968 597 1012 superstitionis
632 968 825 1004 invenimus
852 968 882 1010 I,
932 969 990 1010 18,
1033 977 1102 1012 quo
1138 967 1218 1003 loco
1255 970 1388 1009 narrat,
1441 965 1510 1002 sibi

199 1022 394 1066 quiescenti
421 1031 560 1058 socrum
588 1032 686 1058 suam
714 1023 823 1058 visam
851 1032 928 1058 esse
964 1026 1001 1058 et
1035 1021 1252 1063 obsecrasse,
1288 1031 1333 1057 ne
1366 1030 1508 1057 causam

198 1075 282 1111 Juni
311 1076 468 1111 Pastoris
496 1079 631 1121 ageret,
660 1076 703 1120 V,
732 1078 769 1120 5,
799 1078 835 1120 5,
862 1076 987 1112 Tamio
1010 1076 1145 1119 jacenti
1170 1076 1207 1112 in
1234 1075 1365 1111 lectulo
1393 1075 1508 1111 Nero-

198 1139 279 1165 nem
306 1130 418 1165 visum
447 1139 523 1166 esse
552 1133 589 1165 et
615 1132 765 1166 mortem
792 1130 971 1172 indixisse,
1002 1140 1107 1174 quum
1146 1129 1286 1171 librum,
1315 1139 1419 1174 quem
1444 1124 1507 1165 ille

199 1183 243 1220 de
270 1184 464 1221 sceleribus
491 1184 565 1228 ejus
592 1184 771 1229 edidisset,
798 1188 855 1221 ter
875 1185 923 1222 ad
949 1187 1145 1222 extremum
1172 1183 1380 1221 revolvisset
1423 1182 1505 1227 VH,

200 1238 263 1282 27,
292 1240 445 1284 quinque
473 1237 613 1275 fabulas
641 1239 685 1275 de
722 1239 854 1275 umbris
886 1239 989 1275 nobis
1023 1238 1172 1275 tradidit
1208 1241 1314 1283 atque
1351 1238 1458 1274 etiam
1486 1247 1506 1273 e

197 1292 360 1336 colapho,
388 1303 493 1338 quem
522 1302 629 1337 eques
657 1293 799 1338 quidam
826 1293 1006 1329 Romanus
1034 1293 1166 1338 Largio
1194 1291 1393 1334 Macedoni,
1429 1291 1506 1327 viro

196 1347 378 1391 praetorio
406 1348 442 1383 in
470 1347 611 1384 balineo
640 1347 801 1390 duxerat,
829 1348 1067 1392 conjecturam
1094 1345 1180 1383 fecit
1209 1346 1253 1382 de
1281 1349 1394 1382 morte
1413 1345 1507 1381 illius

196 1401 264 1436 viri
280 1401 335 1445 111,
357 1403 419 1443 14,
450 1403 473 1437 6
493 1405 530 1437 et
547 1403 583 1437 7.
620 1398 743 1437 Nihilo
759 1402 873 1437 minus
886 1401 1121 1447 vituperabat,
1148 1401 1179 1436 si
1203 1401 1280 1445 quis
1299 1400 1442 1437 modum
1468 1399 1506 1435 in

199 1455 449 1500 superstitione
486 1456 662 1492 transiens
706 1456 814 1493 risum
859 1456 1008 1493 aliorum
1048 1455 1224 1498 movisset,
1266 1454 1377 1491 eludit
1412 1454 1505 1491 enim

196 1509 383 1554 Regulum,
413 1510 508 1554 quod
533 1519 674 1554 semper
700 1510 906 1555 haruspices
933 1510 1140 1546 consulebat
1167 1510 1212 1545 de
1240 1512 1368 1545 eventu
1396 1509 1505 1544 actio-

196 1564 262 1608 nis,
291 1574 381 1608 quse
409 1573 467 1599 res
499 1573 545 1606 „a
571 1564 681 1600 nimia
708 1564 956 1608 superstitione
984 1563 1170 1600 veniebat⁸⁸
1203 1563 1260 1606 Vl,
1294 1564 1329 1606 2,
1360 1563 1395 1598 2.

305 1618 387 1654 Jam
415 1628 500 1655 vero
528 1618 801 1661 consideremus,
831 1628 901 1664 qua
927 1619 1066 1656 ratione
1094 1622 1131 1655 et
1151 1621 1269 1655 mente
1290 1619 1327 1654 in
1345 1617 1506 1660 christia-

196 1672 251 1707 nis
277 1673 373 1708 illius
399 1673 571 1717 temporis
598 1673 792 1709 tractandis
818 1683 901 1709 usus
929 1674 979 1711 sit
1002 1674 1049 1714 X,
1076 1674 1140 1715 96,
1168 1673 1381 1717 praesertim
1398 1681 1503 1716 quum

196 1726 279 1769 sint,
309 1727 370 1772 qui
397 1727 488 1762 hanc
517 1728 691 1763 rationem
719 1727 848 1772 agendi
876 1728 909 1764 ei
937 1727 1130 1772 opprobrio
1159 1726 1244 1763 dent
1283 1730 1319 1762 et
1354 1725 1504 1762 crudeli-

197 1784 307 1816 tatem
334 1782 529 1822 nominent,
559 1785 596 1817 et
627 1782 689 1826 qui
718 1792 797 1817 eum
826 1782 916 1818 clam
945 1782 1109 1826 religioni
1145 1781 1357 1820 christianae
1385 1779 1505 1817 addic-

194 1838 268 1870 tum
297 1845 374 1871 esse
402 1835 533 1871 dicant.

304 1889 435 1924 Missus
483 1892 562 1925 erat
595 1888 731 1924 Plinius
772 1899 794 1925 a
820 1889 974 1933 Trajano,
1010 1889 1047 1925 in
1074 1888 1274 1934 provincias
1302 1886 1502 1932 Bithyniam

197 1951 234 1979 et
261 1942 412 1980 Pontum
449 1947 664 1989 propraetor
696 1944 873 1981 consulari
909 1946 1086 1989 potestate
1121 1943 1292 1989 (Masson.
1324 1953 1361 1987 p.
1396 1941 1501 1987 132),

195 1998 361 2043 quoniam
412 1999 546 2040 ..multa
580 2000 616 2033 in
644 2009 689 2034 ea
717 1998 937 2035 emendanda
979 2001 1241 2042 apparuerant‘·
1286 1997 1333 2040 X,
1371 1996 1433 2040 32,
1465 1998 1500 2031 1.

196 2052 290 2087 inter
307 2061 398 2097 quae
420 2052 515 2088 mala
531 2053 607 2088 sine
623 2052 731 2089 dubio
750 2053 926 2090 duxerunt
943 2052 1094 2089 Romani
1108 2052 1315 2097 religionem
1343 2050 1502 2091 christia·

194 2115 289 2148 nam,
318 2107 355 2142 in
382 2116 452 2151 qua
488 2106 705 2143 exitiabilem
751 2111 788 2144 et
824 2105 1018 2143 maleficam
1061 2106 1345 2151 superstitionem
1385 2105 1501 2149 inesse

193 2159 381 2205 putabant,
409 2160 538 2206 (Tacit,
565 2160 695 2198 Annal.
717 2161 795 2206 XV,
817 2163 881 2205 44,
914 2161 949 2204 5,
978 2160 1121 2201 Sueten.
1151 2161 1248 2197 Nero
1267 2159 1358 2205 16.).
1388 2158 1501 2203 Quam

195 2214 241 2250 ob
270 2224 345 2250 rem
373 2216 550 2259 timentes,
577 2225 622 2252 ne
652 2226 671 2252 e
700 2216 862 2252 doctrina
890 2216 1160 2253 christianorum
1187 2216 1292 2259 longe
1329 2218 1404 2249 tum
1432 2213 1501 2257 dis-

191 2269 324 2313 juncta,
353 2270 382 2304 si
410 2268 552 2314 quando
579 2267 732 2307 formata
758 2273 796 2307 et
821 2270 927 2307 latius
952 2270 1160 2314 pervulgata
1180 2271 1284 2311 esset,
1312 2267 1501 2312 maximum

197 2318 396 2368 periculum
426 2326 462 2359 et
496 2324 607 2361 sacris
653 2324 805 2370 publicis
840 2328 878 2362 et
914 2325 1022 2361 statui
1055 2324 1195 2369 imperii
1230 2323 1429 2360 immineret
1464 2325 1502 2359 et

193 2376 292 2414 falsis
319 2378 520 2415 rumoribus
546 2379 590 2416 de
619 2380 848 2417 conventibus
875 2379 1071 2424 finibusque
1106 2376 1377 2420 christianorum
1405 2387 1500 2413 com·

195 2434 294 2476 moti,
323 2434 533 2478 praesertim
562 2444 667 2479 quum
696 2445 757 2472 eos
784 2434 962 2472 hetaerias
990 2429 1266 2479 sodalitatesque
1296 2443 1372 2470 esse
1407 2431 1500 2469 arbi-
