1719 2649
872 85 895 122 ’7

226 206 423 242 Publicium
465 204 619 246 Certum,
662 204 857 239 delatorem
898 204 999 239 illum
1039 202 1288 245 nequissimum
1332 202 1422 236 iram
1455 202 1530 245 ,iam

227 259 289 296 diu
314 257 505 295 coercitam
533 257 654 294 effudit
680 257 755 304 (1Χ,
789 254 881 306 13.).
937 257 1054 294 Plinio
1082 255 1176 292 enim
1210 265 1417 301 persuasum
1450 252 1531 299 fuit,

229 315 259 351 si
301 312 503 349 Domitiano
547 311 707 349 facinora
748 312 950 350 foedissima
987 316 1024 348 et
1062 310 1203 356 jubenti
1238 313 1276 347 et
1310 311 1532 356 perpetranti

178 378 181 381 ⁴
231 367 373 403 obstare
402 370 449 409 et,
477 370 517 403 ut
544 367 732 413 proverbio
760 371 854 411 utar,
880 366 1028 403 brachia
1056 368 1181 403 contra
1217 368 1414 402 torrentem
1450 365 1533 401 diri-

227 432 312 468 gere
353 422 532 465 voluisset,
587 433 653 459 nec
690 433 753 459 suo
781 423 890 468 ipsius
923 432 990 459 nec
1020 421 1238 467 reipublicae
1272 419 1457 458 commodo
1494 430 1533 457 se

227 475 478 519 consulturum,
508 477 571 512 sed
605 478 719 521 ipsum
754 478 943 513 maximum
977 477 1172 521 periculum
1210 473 1287 512 esse
1323 476 1531 518 subiturum,

227 541 272 568 ne
300 531 404 575 vitiis,
432 541 524 577 quae
551 532 613 568 illo
650 534 810 576 tempore
842 531 1080 575 invaluissent,
1117 532 1197 576 ipse
1231 533 1531 577 corrumperetur.

228 587 326 631 Quae
353 586 493 630 quidem
520 586 636 622 studia
663 586 768 622 Plinii
795 590 831 622 et
857 586 950 622 cives
978 590 1015 622 et
1034 587 1268 630 imperatores
1303 586 1533 623 succedentes

227 641 422 684 agnovisse,
468 643 576 675 testes
611 643 691 675 sunt
724 640 895 684 epistolae
932 641 1053 684 ipsius.
1111 640 1235 685 Neque
1280 642 1374 676 enim
1411 641 1532 676 Nerva

227 694 341 730 solum
367 694 481 729 missis
508 694 556 729 ad
582 704 662 729 eum
689 693 819 730 litteris
847 699 901 729 est
927 695 1134 738 gratulatus,
1165 695 1259 740 quod
1297 696 1360 738 „in
1387 694 1529 731 tuendis

227 749 331 784 sociis
360 748 557 792 exemplum
585 748 737 792 antiquis
764 749 878 784 simile
905 749 1097 784 edidisset“
1127 748 1197 791 Vll,
1229 750 1293 792 33,
1325 751 1367 792 9;
1409 759 1532 785 verum

227 802 334 838 etiam
361 801 533 847 Trajanus
561 803 595 838 ei
622 803 795 838 concessit
817 804 875 848 jus
902 803 1008 839 trium
1034 802 1226 839 liberorum
1254 803 1301 846 X,
1333 805 1371 846 2,
1407 805 1440 840 1.
1469 813 1531 839 au-

226 859 389 901 guratum
414 857 473 900 lV,
503 858 540 900 8,
575 858 609 894 1.
637 855 898 901 praefecturam
926 858 1058 893 aerarii
1084 857 1122 903 (1,
1156 859 1216 900 10,
1247 858 1299 903 9),
1328 858 1436 894 sedeo
1464 867 1530 902 pro

225 911 407 953 tribunali,
436 910 583 946 subnoto
618 910 769 954 libellos,
818 910 964 947 conficio
1003 911 1155 953 tabulas,
1201 911 1318 947 scribo
1361 912 1531 956 plurimas

225 964 289 1001 sed
316 965 624 1001 inlitteratissimas
658 966 807 1009 litter-21⁵1,
847 964 907 1011 (cf.
942 965 999 1008 Ill,
1040 967 1077 1010 4,
1114 966 1151 1002 2.
1180 964 1227 1007 Χ,
1266 967 1301 1010 8,
1339 967 1375 1011 3,
1410 966 1456 1010 Χ,
1493 967 1529 1008 3,

229 1020 280 1066 1),
316 1020 532 1056 consulatum
567 1021 604 1056 in
638 1031 774 1057 menses
810 1020 1053 1065 Septembrem
1097 1023 1134 1056 et
1168 1019 1357 1056 Octobrem
1393 1021 1477 1056 anni
1504 1019 1533 1056 C

226 1073 369 1132 (paneg.
410 1074 501 1121 91.),
536 1084 657 1110 curam
691 1075 783 1112 alvei
817 1075 955 1111 Tiberis
990 1078 1027 1111 et
1060 1074 1218 1119 riparum
1262 1078 1299 1111 et
1333 1075 1533 1111 cloacarum

223 1129 332 1172 urbis,
368 1128 427 1175 (cf.
471 1130 727 1175 inscriptiones,
769 1140 856 1176 quas
883 1130 1082 1166 Massonius
1109 1130 1147 1166 in
1174 1128 1287 1174 praef.
1316 1140 1400 1175 pag.
1429 1130 1469 1165 lll
1497 1133 1534 1166 et

224 1194 320 1228 sequ.
351 1187 387 1219 et
415 1194 497 1229 pag.
528 1186 604 1219 118
634 1185 916 1229 commemorat.)
946 1184 1095 1228 denique
1123 1194 1248 1219 munus
1273 1185 1383 1228 legati
1410 1193 1535 1220 consu-

208 1238 292 1273 lari
319 1240 496 1282 potestate
525 1241 562 1274 et
589 1238 791 1285 Bithyniam
809 1239 1035 1284 Pontumque
1060 1238 1261 1282 provincias
1289 1238 1534 1276 administran-

225 1292 288 1328 das
326 1292 359 1328 ei
404 1292 543 1330 detulit.
607 1293 666 1338 (G.
705 1293 745 1331 G.
782 1294 889 1330 Plinii
925 1297 962 1329 et
998 1293 1144 1337 Trajani
1177 1294 1407 1338 epistolarum
1442 1294 1535 1330 liber

224 1347 327 1391 vulgo
356 1346 462 1382 Plinii
489 1347 580 1382 liber
606 1347 642 1383 X
670 1347 830 1393 dictus.);
867 1349 952 1393 quin
980 1348 1088 1383 etiam
1127 1347 1252 1391 dignus
1287 1352 1431 1393 putatus
1466 1352 1532 1391 est,

223 1402 284 1446 qui
312 1400 356 1436 ab
385 1400 600 1446 imperatore
629 1402 667 1437 in
695 1402 879 1438 consilium
907 1402 1084 1447 privatum
1113 1401 1343 1439 adhiberetur
1371 1402 1444 1451 (Vl,
1471 1404 1536 1447 31,

228 1458 263 1499 1,
292 1455 452 1501 Doering
479 1459 639 1494 annotat.
678 1457 726 1493 ad
752 1457 845 1492 hunc
872 1457 988 1493 locum
1016 1459 1053 1492 et
1079 1457 1224 1493 Masson
1251 1468 1288 1502 p.
1321 1458 1440 1504 129.).

331 1511 407 1554 Quo
436 1510 577 1555 quidem
605 1521 698 1547 anno
723 1511 858 1547 Plinius
886 1522 906 1547 e
935 1512 1009 1548 vita
1037 1511 1228 1548 decesserit
1243 1522 1314 1548 non
1330 1514 1416 1548 satis
1436 1517 1534 1549 certe

227 1567 376 1607 constat,
405 1565 466 1600 alii
494 1575 585 1601 anno
616 1565 712 1609 GVH,
740 1566 801 1601 alii
840 1575 932 1601 anno
970 1565 1092 1602 CXVll
1126 1569 1303 1603 mortuum
1341 1578 1421 1603 eum
1457 1578 1533 1604 esse

229 1622 400 1656 statuunt.
462 1619 541 1655 Hoc
580 1630 664 1656 vero
693 1630 737 1655 ex
775 1620 933 1665 epistolis
967 1620 1102 1664 liquere
1137 1621 1224 1656 mihi
1265 1622 1416 1665 videtur,
1454 1632 1534 1658 eum

226 1677 308 1708 ante
338 1683 466 1709 annum
495 1673 558 1710 CX
584 1677 733 1709 mortem
760 1684 831 1709 non
861 1674 1000 1709 obiisse.
1058 1673 1279 1711 Exhortatur
1307 1677 1402 1711 enim
1432 1676 1535 1712 Caui-

225 1728 320 1763 nium
348 1728 496 1763 amicum
524 1731 563 1763 ut
589 1728 721 1764 bellum
748 1728 918 1764 Dacicum
945 1727 1116 1764 scriberet
1143 1728 1227 1773 Vlll,
1267 1731 1291 1764 4
1330 1730 1424 1775 quod
1460 1730 1535 1767 bel-

225 1781 297 1817 lum
325 1791 417 1818 anno
448 1782 521 1818 CVI
549 1784 784 1828 compositum
815 1787 902 1827 erat,
930 1782 1000 1818 alio
1028 1782 1121 1826 loco,
1152 1793 1212 1827 ep,
1248 1783 1306 1825 Vl,
1349 1786 1410 1829 10,
1443 1786 1533 1821 vitu-

225 1839 338 1880 perat,
369 1837 463 1881 quod
492 1837 627 1873 decimo
665 1847 757 1873 anno
794 1841 875 1882 post
912 1840 1060 1873 mortem
1099 1837 1258 1882 Verginii
1295 1837 1377 1874 Rufi
1413 1850 1534 1876 monu-

225 1895 379 1927 mentum
408 1892 482 1936 ejus
512 1892 626 1928 adhuc
653 1890 897 1937 imperfectum
936 1895 1030 1935 erat3
1067 1891 1255 1937 Verginius
1292 1892 1406 1929 Rufus
1440 1904 1535 1931 mor-

225 1948 305 1980 tuus
334 1949 412 1981 erat
440 1956 533 1982 anno
562 1947 807 1989 LXXXXVll,
838 1947 1001 1983 Cornelio
1029 1946 1152 1982 Tacito
1181 1948 1323 1983 consule
1352 1947 1398 1985 cf.
1427 1949 1464 1993 ll,
1498 1951 1532 1985 1.

225 1998 274 2035 Et
308 2009 352 2035 ex
392 1999 470 2035 aliis
505 2001 664 2046 epistolis
698 2002 952 2046 cognoscimus,
999 2000 1151 2036 Plinium
1187 2001 1350 2037 diuturno
1388 2003 1461 2039 otio
1496 2003 1533 2039 iu

224 2054 380 2099 praediis
407 2065 508 2091 usum
537 2066 625 2098 esse,
655 2055 701 2093 cf.
730 2056 801 2099 Vll,
833 2059 867 2101 7,
896 2056 966 2099 Vll,
998 2055 1060 2098 27,
1091 2055 1172 2099 Vlll,
1202 2057 1266 2100 20,
1296 2057 1355 2101 1Χ,
1389 2058 1531 2101 10,1X,

230 2109 288 2153 15,
316 2109 377 2152 IX,
417 2111 484 2153 32;
542 2111 635 2155 quod
674 2112 707 2147 ei
747 2114 935 2156 antequam
974 2121 992 2146 e
1030 2109 1197 2155 Bithynia
1232 2111 1407 2156 rediisset,
1461 2123 1533 2148 non

223 2163 376 2206 licuisse,
405 2164 430 2201 i.
460 2175 492 2207 e,
523 2169 604 2201 ante
632 2175 762 2202 annum
790 2166 860 2210 CV,
898 2176 943 2202 ex
978 2164 1207 2209 epistolarum
1244 2166 1337 2202 libro
1375 2166 1411 2203 X
1448 2168 1533 2204 satis

223 2222 372 2256 constat.
745 2243 748 2245 -

331 2273 373 2308 In
400 2273 670 2318 inscriptionum
695 2275 885 2310 latinarum
912 2273 1122 2310 selectarum
1160 2274 1377 2319 amplissima
1421 2277 1531 2313 colle-

224 2327 355 2368 ctione,
400 2338 503 2372 quam
550 2329 661 2364 edidit
689 2329 781 2365 Guil.
826 2329 980 2371 Henzen,
1018 2327 1157 2363 Volum.
1205 2329 1272 2372 111,
1314 2340 1396 2376 pag.
1445 2331 1533 2375 124,

225 2380 291 2419 Nr.
326 2382 399 2418 117
432 2381 466 2417 2.
511 2386 627 2418 exstat
671 2383 853 2428 inscriptio
883 2392 905 2418 a
933 2381 1067 2418 Theod.
1112 2383 1312 2420 Mommsen
1351 2385 1533 2421 restituta:

225 2433 271 2472 G.
301 2434 339 2472 C.
369 2435 505 2473 Plinius
535 2437 804 2476 Secundus....
838 2440 962 2481 „extra
990 2439 1122 2474 sortem
1150 2437 1194 2474 ab
1224 2439 1310 2484 imp.
1329 2438 1530 2476 CAESAR.
