1719 2649
866 86 918 122 24

223 200 295 247 Vll,
313 204 375 247 20,
394 203 474 242 VII
493 204 556 245 33,
573 202 671 246 VIII,
690 204 728 246 7,
745 204 809 245 IX,
844 205 904 246 10,
942 205 986 239 14
1007 206 1043 239 et
1059 203 1248 247 Trajauum
1281 204 1542 249 imperatorem

223 256 269 292 cf.
286 230 350 293 ¹lib.
380 257 415 292 X
443 256 683 301 epistolarum.
713 257 817 302 Quod
845 259 876 294 si
902 259 1051 301 constat,
1079 256 1170 293 tales
1198 258 1292 294 viros
1319 268 1397 294 cum
1426 258 1542 295 Plinio

222 309 359 346 firmam
394 313 431 347 et
467 313 677 355 perpetuam
721 311 914 347 amicitiam
959 311 1189 355 contraxisse,
1235 322 1350 350 nonne
1397 313 1434 349 in
1462 323 1541 350 enm

223 363 508 402 transferendum
536 369 642 410 putas
668 366 893 410 praeclarum
931 366 1040 402 illud.

408 419 523 462 „Wer
550 419 619 456 den
647 420 780 456 Besten
808 421 928 457 seiuer
951 421 1031 456 Zeit
1060 429 1176 465 genug
1203 420 1345 464 gethan,

413 474 489 510 Der
517 473 581 509 hat
609 474 729 518 gelebt
756 473 815 510 fur
842 475 914 512 alle
941 472 1105 510 Zeiten.‘·
1158 511 1160 513 ,

333 528 552 572 Quaerentes
580 532 709 571 autem,
739 529 856 573 qualis
884 528 993 565 fuerit
1028 529 1063 563 in
1100 528 1353 564 consuetudine
1388 529 1536 565 aliorum

226 584 263 617 et
290 582 442 617 maxime
471 582 677 625 amicorum,
706 591 907 626 caveamus,
937 592 982 618 ue
1012 583 1044 618 ei
1067 582 1309 617 morositatem
1335 579 1391 618 vel
1409 584 1541 628 asperi-

224 638 334 672 tatem
362 636 567 673 tribuamus.
622 637 735 673 Immo
765 647 849 675 vero
878 633 987 673 hilari
1016 633 1184 681 laetoque
1220 637 1337 672 auimo
1372 646 1415 672 ac
1453 638 1540 673 libe-

225 690 401 727 ralissime
430 691 562 726 amicos
591 690 759 728 habebat.
797 692 845 727 Et
872 693 948 736 ipse
976 692 1082 727 dicit:
1113 690 1326 734 „aliquando
1349 695 1538 735 praeterea

224 744 339 788 rideo,
368 745 483 789 jocor,
529 744 615 781 ludo
656 748 762 790 atque
804 747 926 782 omnia
966 746 1106 782 inoxiae
1148 745 1364 781 remissionis
1406 755 1539 791 genera

224 798 435 843 amplector3
464 799 569 835 homo
597 802 709 836 snm“.
740 800 783 843 V,
816 802 852 837 3.
891 803 928 837 2.
985 799 1187 836 Permultae
1226 796 1401 844 epistolae
1437 800 1539 836 nobis

223 853 399 898 praebent
422 854 523 897 jocos
550 863 676 889 suaves
704 857 741 890 et
769 852 981 890 facetiarum
1008 854 1145 899 plenos,
1176 857 1216 888 ut
1234 853 1264 894 1,
1296 854 1318 889 6
1334 853 1394 889 ubi
1414 853 1540 890 Tacito

225 907 375 950 nuntiat,
420 917 458 943 se
487 910 560 943 tres
587 917 695 953 apros
723 911 760 944 et
786 908 1041 953 pulcherrimos
1070 907 1210 953 quidem
1239 907 1389 952 cepisse,
1417 907 1446 951 I,
1480 909 1540 953 11,

225 971 296 1007 qua
319 961 470 998 Fabium
494 962 626 998 Iustum
655 962 866 998 adhortatur
888 963 1023 1007 jocose,
1052 966 1092 998 ut
1120 962 1289 1007 epistolas
1316 961 1383 998 sibi
1410 962 1539 1005 mittat,

228 1016 257 1059 Ι,
291 1017 353 1053 15.
403 1026 472 1061 qua
510 1016 701 1061 Septicium
752 1016 894 1053 Clarum
929 1017 1047 1062 lepide
1085 1017 1211 1062 carpit,
1270 1016 1353 1062 quia
1389 1027 1459 1052 non
1493 1016 1541 1052 ad

226 1080 371 1106 coenam
401 1074 557 1108 venerat.
587 1071 635 1113 11,
667 1072 730 1108 20.
764 1082 908 1114 „assem
936 1081 1026 1116 para
1054 1075 1091 1108 et
1118 1072 1240 1116 accipe
1268 1080 1412 1107 auream
1440 1069 1540 1106 fabu-

224 1126 332 1160 lam¹‘.
390 1125 446 1168 lV,
481 1124 545 1167 29,
575 1135 645 1170 qua
673 1124 799 1161 festive
838 1126 1039 1161 Romatium
1077 1125 1235 1161 Firmum
1273 1124 1450 1167 admonet,
1495 1135 1539 1160 ne

227 1180 343 1214 causis
371 1177 570 1214 forensibus
599 1179 691 1215 desit
718 1183 757 1215 et
784 1180 818 1215 ei
847 1180 1071 1216 severitatem
1100 1179 1228 1215 Licinii
1256 1179 1406 1224 Nepotis
1435 1188 1540 1223 prae·

225 1234 314 1269 toris
342 1233 587 1274 comminatur,
616 1233 686 1277 Vll,
720 1236 779 1277 12,
808 1233 868 1269 ubi
895 1244 933 1270 se
972 1234 1067 1279 apud
1102 1234 1295 1282 Minucium
1334 1236 1536 1269 excusatum

225 1288 300 1324 vult
339 1287 383 1323 de
419 1287 541 1322 libello
583 1287 719 1323 tardius
759 1288 878 1331 misso,
919 1288 983 1327 lX.
1031 1290 1091 1332 16,
1132 1297 1202 1332 qua
1245 1287 1445 1332 pollicetur,
1500 1296 1537 1323 se

225 1341 433 1378 Mamiliano
461 1342 575 1377 amico
603 1351 669 1387 pro
697 1352 789 1378 novo
828 1345 943 1378 musto
981 1352 1093 1379 novos
1129 1341 1321 1379 versiculos
1354 1341 1539 1378 missurum

226 1407 316 1439 esse,
346 1400 386 1431 ut
412 1396 562 1440 primum
593 1395 784 1433 defervisse
814 1396 1028 1433 viderentur.
1083 1397 1144 1438 lx,
1176 1396 1241 1433 25.
1280 1406 1350 1441 qua
1389 1396 1539 1432 eundem

227 1451 376 1486 amicum
412 1450 595 1492 exorabat,
638 1454 678 1485 ut
717 1451 929 1495 passerculis
968 1454 1005 1486 et
1048 1450 1255 1486 columbulis
1296 1450 1404 1494 ipsius
1445 1450 1540 1486 inter

227 1505 363 1550 aquilus
399 1505 473 1548 ejus
509 1514 647 1549 pennas
685 1505 799 1547 daret,
836 1505 900 1548 IX,
941 1505 1002 1541 28.
1040 1505 1099 1540 ubi
1137 1505 1334 1541 Romanum
1362 1504 1539 1548 monebat,

225 1564 266 1595 ut
291 1560 406 1604 prima
431 1569 569 1603 quaque
608 1560 793 1595 occasione
827 1559 966 1595 litteras
1000 1560 1157 1595 mitteret
1192 1559 1363 1604 appositis
1399 1558 1540 1604 quidem

227 1615 351 1655 usuris,
391 1623 478 1658 quas
512 1623 582 1649 non
618 1615 760 1658 parcius
797 1623 901 1659 quam
940 1614 1149 1650 centesimas
1185 1614 1383 1658 computari
1420 1613 1539 1650 vellet.

337 1669 414 1703 Nec
444 1668 557 1703 minus
585 1668 781 1704 laudandus
810 1668 951 1704 videtur
979 1668 1114 1703 animus
1138 1668 1243 1703 Plinii
1271 1671 1424 1712 apertus,
1460 1668 1540 1702 sim-

226 1722 320 1768 plex,
348 1722 449 1766 liber,
478 1732 547 1767 quo
576 1723 612 1757 iu
649 1722 903 1758 consuetudine
941 1722 1132 1758 amicorum
1169 1732 1251 1757 usus
1288 1725 1353 1758 est.
1410 1721 1539 1757 Libere

228 1778 320 1813 euim
363 1777 503 1812 nuntiat
529 1776 679 1812 Paulino
722 1777 849 1819 amico,
899 1786 937 1811 se
973 1777 1087 1820 primo
1131 1777 1205 1820 ejus
1242 1776 1444 1812 consulatus
1482 1775 1539 1811 die

227 1831 377 1867 Romam
405 1840 476 1865 non
506 1840 582 1866 esse
610 1834 808 1871 venturum,
838 1833 876 1866 ut
906 1840 985 1865 eum
1013 1831 1103 1866 votis
1131 1834 1169 1867 et
1190 1830 1427 1875 gratulatione
1448 1829 1539 1866 cele-

227 1885 359 1929 braret,
388 1895 469 1920 nam
500 1885 613 1929 „haec
642 1895 718 1921 esse
748 1883 865 1921 officia
893 1884 1111 1921 translaticia
1140 1895 1230 1929 quae
1259 1895 1282 1920 a
1309 1882 1540 1920 familiaribus

227 1938 353 1975 amicis
381 1942 505 1975 contra
532 1940 687 1985 ipsorum
716 1939 938 1975 commodum
967 1939 1108 1984 exigere
1135 1937 1236 1975 nefas
1270 1938 1442 1983 putabat“
1480 1937 1539 1982 IX,

230 1994 294 2031 37.
319 1994 431 2031 libere
462 1993 648 2030 confitetur
675 1994 778 2030 Atrio
807 2004 845 2030 se
874 1993 1000 2030 librum
1031 1997 1214 2039 acceptum
1242 1993 1395 2030 nondum
1412 1993 1539 2038 legisse

227 2049 288 2092 IX,
327 2050 390 2086 35.
448 2048 619 2086 conseras
661 2049 768 2085 etiam
819 2048 912 2093 quod
948 2048 1113 2092 Traiano,
1161 2059 1267 2094 quum
1308 2052 1539 2084 commeatum

228 2103 273 2139 ab
302 2113 345 2139 eo
373 2107 525 2149 peteret,
566 2107 606 2139 ut
633 2103 783 2148 praedia
811 2106 947 2138 statuas
975 2102 1118 2139 deorum
1140 2102 1407 2147 principumque
1427 2105 1541 2138 traus-

229 2156 351 2200 ferret,
381 2159 546 2203 scripsit:
579 2168 672 2202 „uon
701 2161 756 2193 est
783 2160 900 2193 autem
928 2156 1162 2201 simplicitatis
1190 2166 1291 2193 meae
1319 2155 1540 2192 dissimulare

228 2212 326 2257 apud
353 2213 547 2249 bonitatem
575 2216 672 2249 tuam
700 2211 819 2248 obiter
845 2215 881 2247 te
909 2211 1097 2256 plurimum
1135 2212 1346 2247 collaturum
1382 2211 1541 2246 utilitati·

227 2267 292 2303 bus
322 2268 376 2303 rei
403 2266 587 2303 familiaris
614 2269 739 2302 meae⁸¹
773 2266 818 2310 X,
849 2267 886 2307 8,
917 2267 955 2302 5.
985 2275 1029 2301 ne
1057 2267 1093 2301 in
1121 2266 1355 2310 suspicionem
1390 2265 1538 2307 veniret,

228 2332 266 2358 se
294 2322 519 2357 simulatione
547 2321 629 2366 piae
657 2321 711 2357 rei
738 2320 975 2365 praestandae
1005 2320 1100 2357 aliud
1128 2320 1196 2357 sibi
1224 2320 1443 2365 propositum
1460 2329 1541 2355 con-

228 2377 329 2421 sequi
365 2376 529 2413 voluisse.
586 2375 791 2420 Eademque
832 2375 939 2410 animi
987 2374 1151 2411 libert-ate
1188 2374 1341 2419 Trajauo
1384 2374 1538 2417 nuntiat,

229 2440 267 2467 se
281 2432 384 2467 uxori
406 2431 452 2470 ad
473 2431 616 2467 amitam
644 2440 743 2466 suam
770 2428 993 2475 profecturae
1021 2429 1176 2474 diploma
1205 2427 1444 2466 commodasse
1472 2428 1536 2464 im·
