1719 2649
866 110 913 145 17

233 230 439 274 inanemque
470 228 659 263 discursum
690 228 911 272 negotiorum
941 227 1160 272 publicorum
1190 231 1225 262 et
1253 228 1421 264 molestos
1436 228 1534 264 labo-

231 295 289 320 res
323 283 547 327 relinquendi
583 293 690 328 seque
724 282 771 317 ad
807 292 928 318 verum
963 284 1203 327 secretumque
1236 287 1445 331 μουσεῖον,
1486 283 1534 319 ad

230 337 491 373 rusticationem
520 335 715 381 recipiendi
751 335 948 380 studiisque
983 336 1040 372 vel
1075 336 1149 371 otio
1186 335 1376 371 tradendi?
1432 336 1535 372 Atta-

230 401 310 428 men
336 394 376 427 ut
401 391 439 427 in
467 391 533 427 hac
562 391 727 427 comitate
754 392 791 426 et
824 389 1031 426 affabilitate
1068 384 1263 427 officiorum
1304 391 1534 435 praestando-

229 456 305 481 rum
331 448 568 490 permaneret,
608 445 886 480 exhortabantur
913 445 1065 480 Plinium
1092 445 1149 481 vel
1178 445 1341 488 exempla
1376 446 1529 481 virorum

228 500 511 541 clarissimorum,
542 503 581 535 ut
607 499 815 544 Spurinnae,
854 509 979 544 „quem
1006 498 1179 541 laborum,
1218 498 1343 544 quibus
1379 500 1536 535 contine·

227 558 326 590 retur
353 557 390 590 et
416 555 578 590 solatium
606 557 643 590 et
667 554 866 598 exemplum
891 553 959 590 sibi
994 564 1071 590 esse
1108 555 1183 598 ipse
1220 557 1371 590 testatur
1404 554 1442 590 in
1477 564 1534 598 ep.

227 608 293 644 ΙΙΙ.
344 610 378 649 1,
420 609 487 651 11;
531 609 587 643 vel
630 612 823 652 praecepta
865 608 1128 652 philosophiae,
1179 618 1269 651 quae
1309 608 1532 652 praecipiunt

229 661 350 705 „nulla
391 662 507 699 studia
543 662 634 698 tanti
674 672 763 704 esse,
809 665 848 698 ut
889 662 1067 698 amicitiae
1110 659 1265 697 officium
1308 661 1531 698 deseratur“.

229 714 344 764 (VIII,
377 719 412 759 9,
443 718 494 762 2.)
523 720 560 752 et
591 716 705 759 „hanc
732 716 980 761 philosophiae
1009 720 1046 752 et
1080 716 1354 761 pulcherrimam
1391 717 1532 761 quidem

227 773 364 814 partem
393 780 482 813 esse,
525 780 631 815 agere
659 772 841 814 negotium
877 770 1067 815 publicum,
1110 780 1333 814 cognoscere,
1371 770 1533 813 judicare

226 833 388 868 promere
418 827 455 860 et
482 835 649 861 exercere
672 825 844 869 ,iustitiam
886 834 1045 870 quaeque
1080 825 1148 869 ipsi
1195 823 1429 872 (philosophi)
1471 824 1532 859 do-

226 881 330 915 ceant
357 879 393 914 in
420 889 485 915 usu
507 879 664 916 habere“
694 880 723 923 I,
758 881 819 923 10,
853 881 913 923 10,
945 879 1107 925 quodque
1137 882 1174 915 et
1200 878 1419 924 reipublicae
1447 887 1531 914 suae

226 933 368 978 negotia
395 944 520 970 curare
549 938 585 970 et
612 935 811 979 disceptare
847 935 941 971 inter
978 935 1109 970 amicos
1143 934 1248 970 laude
1292 934 1530 979 dignissimum

225 987 384 1033 putabat.
415 988 495 1031 VII,
529 990 589 1032 15,
621 989 656 1026 2.

336 1042 446 1086 Quam
473 1042 577 1079 facile
605 1044 651 1079 ad
692 1043 968 1079 misericordiam
1010 1042 1299 1087 permovebatur!
1337 1043 1409 1078 Res
1436 1043 1529 1078 enim

226 1096 394 1132 adversae
424 1098 628 1140 amicorum,
657 1108 763 1141 mors,
793 1097 976 1142 aegritudo
994 1098 1100 1133 etiam
1114 1107 1307 1141 servorum,
1337 1098 1528 1142 petitiones

226 1150 396 1186 honorum
424 1161 545 1188 omues
589 1151 738 1197 denique
779 1152 997 1188 calamitates
1037 1152 1229 1187 amicorum
1272 1161 1392 1188 curam
1434 1151 1528 1187 solli-

226 1205 484 1251 citudinemque
513 1216 733 1251 summopere
761 1206 965 1251 injiciebant
991 1206 1122 1243 Plinio.
1151 1206 1247 1241 Talis
1274 1215 1359 1243 vero
1377 1209 1527 1242 naturae

225 1259 391 1295 bonitatis
432 1261 608 1305 animique
648 1261 817 1296 mollioris
857 1261 1067 1296 documenta
1113 1261 1295 1305 complura
1335 1261 1529 1297 invenimus

225 1314 261 1348 in
298 1314 455 1358 epistolis
482 1314 599 1350 Plinii.
655 1315 793 1359 Quanto
822 1315 913 1352 enim
952 1311 1076 1350 dolore
1113 1318 1150 1350 et
1185 1325 1349 1351 moerore
1382 1314 1528 1350 affectus

226 1370 280 1403 est
306 1371 418 1404 morte
446 1367 540 1404 filiae
568 1369 732 1404 Fundani
760 1369 875 1412 amici,
912 1368 1035 1414 quibus
1063 1368 1225 1404 laudibus
1253 1368 1355 1405 effert
1382 1369 1528 1405 virtutes

226 1423 311 1466 qius,
341 1433 409 1467 quo
437 1424 548 1468 magis
578 1423 679 1459 dolor
708 1424 898 1467 excitetur3
928 1433 1032 1468 quam
1060 1424 1245 1467 praeclare
1262 1423 1354 1459 hunc
1370 1423 1528 1459 dolorem

225 1477 390 1521 exprimit
417 1477 470 1513 his
498 1477 634 1514 verbis:
665 1478 770 1520 „Non
798 1488 939 1522 possum
968 1478 1178 1522 exprimere,
1216 1482 1383 1523 quantum
1411 1478 1527 1514 animo

224 1531 346 1566 vulnus
381 1532 591 1576 acceperim,
627 1542 730 1576 quum
767 1532 897 1574 audivi,
934 1532 1143 1567 Fundanum
1177 1532 1303 1575 ipsum,
1345 1536 1384 1568 ut
1419 1533 1529 1567 multa

224 1585 384 1621 luctuosa
412 1586 516 1622 dolor
543 1586 678 1622 invenit
704 1587 995 1631 praecipientem,
1036 1585 1130 1631 quod
1158 1586 1194 1621 in
1222 1589 1350 1629 vestes,
1392 1596 1529 1631 marga-

225 1641 306 1682 rita,
354 1650 509 1685 gemmas
536 1639 655 1676 fuerat
683 1644 903 1685 erogaturus,
955 1641 1120 1685 (nuptura
1148 1641 1239 1676 enim
1282 1640 1399 1677 fuerat
1437 1641 1527 1683 illa»,

224 1693 291 1729 hoc
320 1695 355 1730 in
384 1697 440 1730 tus
468 1698 504 1730 et
531 1698 709 1740 unguenta
737 1698 774 1731 et
802 1695 930 1731 odores
957 1695 1259 1740 impenderetur-⁴⁴,
1298 1696 1343 1737 V,
1388 1695 1449 1737 16,
1490 1696 1526 1732 7.

225 1749 337 1793 Quam
366 1750 479 1785 amice
506 1753 541 1786 et
568 1748 722 1786 fideliter
750 1753 952 1786 excusatum
979 1750 1053 1785 vult
1079 1752 1227 1794 patrem,
1273 1750 1330 1795 qui
1367 1748 1527 1785 omnibus

225 1803 303 1838 aliis
331 1803 436 1839 rebus
469 1804 693 1848 posthabitis,
750 1805 860 1840 luctui
896 1805 998 1848 nimis
1044 1803 1260 1848 indulgebat.
1322 1804 1524 1848 „Ignosces‚

224 1856 384 1893 laudabis
421 1858 540 1900 etiam,
592 1859 623 1894 si
660 1858 881 1903 cogitaveris,
924 1858 1009 1903 quid
1046 1858 1212 1893 amiserit.
1269 1857 1399 1893 Amisit
1434 1857 1527 1893 enim

222 1910 330 1948 filiam
361 1922 451 1957 quae
481 1922 550 1949 non
577 1913 689 1949 minus
716 1923 833 1949 mores
862 1914 935 1958 ejus
963 1922 1067 1958 qnam
1094 1922 1133 1948 os
1165 1912 1367 1957 vultumque
1395 1910 1528 1948 refere-

224 1966 287 2002 bat
312 1970 494 2012 totumque
523 1971 659 2012 patrem
687 1968 778 2003 mira
805 1968 1031 2003 similitudine
1044 1968 1318 2011 exscripserat“,
1374 1966 1527 2002 Eadem·

226 2031 292 2067 que
320 2022 427 2057 animi
454 2023 604 2058 mollitia
631 2026 824 2059 commotus
851 2022 1057 2059 exhortatur
1083 2021 1327 2059 Marcellinum
1363 2021 1525 2063 amicum,

226 2080 264 2111 ut
294 2077 325 2111 si
363 2087 450 2121 quas
487 2077 532 2113 ad
570 2078 778 2113 Fundanum
817 2078 860 2114 de
896 2088 957 2114 suo
994 2078 1116 2113 dolore
1150 2081 1221 2112 tam
1253 2078 1348 2121 justo
1387 2077 1527 2112 litteras

226 2131 392 2165 missurus
422 2134 526 2173 esset,
557 2132 781 2173 „meminerit
808 2131 978 2167 adhibere
1007 2131 1170 2166 solatium
1197 2140 1267 2166 non
1297 2131 1398 2174 quasi
1425 2131 1529 2165 casti-

227 2184 401 2229 gatorium
438 2188 475 2221 et
508 2185 610 2220 nimis
655 2184 761 2229 forte,
815 2185 877 2221 sed
911 2184 1016 2221 molle
1053 2188 1091 2220 et
1125 2184 1354 2221 humanum“.
1414 2184 1527 2229 Quam

227 2240 410 2282 praeclare
438 2240 613 2283 cognitam
638 2239 795 2275 habebat
820 2240 953 2274 Plinius
979 2242 1141 2274 naturam
1168 2239 1330 2281 hominis,
1372 2239 1430 2275 vel
1464 2248 1529 2273 usu

228 2292 317 2336 ipso,
340 2294 397 2329 vel
424 2302 487 2328 sua
514 2293 621 2338 ipsius
649 2292 865 2329 humanitate
893 2296 931 2328 et
957 2293 1055 2327 molli
1082 2293 1198 2328 animo
1228 2292 1385 2335 edoctus,
1423 2302 1527 2337 quum

228 2347 265 2381 in
292 2346 359 2382 hac
388 2348 538 2392 epistola
564 2345 701 2392 profert
727 2348 832 2384 haecz
872 2350 935 2389 „ut
970 2347 1114 2382 crudum
1151 2347 1266 2383 adhuc
1298 2347 1422 2383 vulnus
1456 2356 1529 2382 me-

230 2400 386 2437 dentium
414 2412 536 2438 manus
563 2400 781 2444 reformidat,
817 2401 945 2437 deinde
972 2402 1107 2446 patitur
1134 2404 1240 2447 atque
1278 2402 1370 2438 ultro
1413 2401 1529 2446 requi·

229 2455 286 2498 rit,
331 2457 380 2492 sic
414 2467 537 2494 recens
573 2457 679 2493 animi
717 2457 819 2493 dolor
853 2456 1112 2493 consolationes
1148 2457 1264 2502 rejicit
1300 2467 1343 2492 ac
1384 2455 1527 2501 refugit,

1313 2518 1333 2550 3
