1719 2649
856 119 903 154 14

252 234 388 278 tus,qui
424 237 498 270 tum
525 235 659 279 primus
686 235 854 271 alimenta
881 236 1111 280 ingenuorum
1140 234 1356 279 praebuerat
1392 232 1536 283 (paneg.

231 285 422 335 26—28.)
451 289 645 331 constituit,
682 293 722 325 ut
748 300 813 334 pro
852 290 1048 335 quingentis
1075 286 1216 324 milibus
1242 299 1419 325 nummum
1447 298 1537 333 quae

227 343 343 386 primo
373 342 458 378 dare
487 343 661 387 voluerat,
690 344 842 389 vectigal
857 355 1008 381 annuum
1032 344 1246 380 tricenorum
1270 344 1415 386 milium,
1445 343 1538 389 quod

229 397 489 440 mancipatione
518 398 670 441 quadam
698 399 862 434 simulata
890 400 983 443 agris
1019 399 1090 433 suis
1126 398 1354 441 imposuerat,
1404 400 1444 432 ut
1476 398 1540 432 ali-

233 453 354 485 menta
381 451 611 494 ingenuorum
641 451 822 488 darentur.
881 452 982 497 Quod
1009 451 1151 496 quidem
1177 449 1265 486 fecit
1298 460 1342 486 eo
1376 450 1536 495 consilio,

232 507 272 539 ut
304 513 382 540 sors
411 504 513 550 hujus
541 504 703 542 beneficii
730 507 962 552 indigentium
996 508 1033 543 in
1069 508 1249 551 posterum
1282 505 1319 541 in
1358 508 1436 541 tuto
1472 515 1539 541 nec

231 558 365 594 reditus
420 560 574 595 incertus
612 565 717 598 esset.
756 561 802 598 cf.
840 562 921 604 VII,
963 563 1023 598 18.
1081 561 1193 604 Quam
1228 559 1415 603 praeclara
1450 559 1539 594 haec

232 612 438 656 liberalitas,
468 623 573 657 quam
602 615 792 660 conspicua
820 625 905 651 cura
932 615 1054 651 salutis
1081 614 1221 656 civium,
1258 622 1363 658 quam
1399 613 1539 650 diversa

232 666 277 702 ab
306 667 369 702 illa
398 671 547 712 angusta
574 670 790 712 parsimonia
818 673 855 707 et
882 670 990 705 nimia
1018 669 1185 715 propriae
1213 667 1377 703 utilitatis
1404 667 1539 711 cupidi-

230 724 304 755 tate
333 721 434 765 hujus
463 722 615 758 saeculi!
653 724 765 767 Quam
804 723 848 760 ob
884 734 960 759 rem
998 733 1114 758 nonne
1141 721 1255 757 Plinio
1289 731 1422 757 summo
1458 722 1538 765 jure

232 775 379 810 eximias
406 775 529 812 laudes
558 777 800 814 attribuendas
827 782 944 823 putes,
980 786 1066 822 quas
1093 777 1170 821 ipse
1198 776 1353 821 Trajano
1388 776 1539 820 impera-

230 830 301 864 tori
328 828 468 865 defert‘?
497 833 639 876 (paneg.
670 832 860 878 26-28.)
915 831 964 867 At
990 831 1176 867 redeamus
1203 830 1251 866 ad
1289 830 1386 867 aliud
1424 840 1540 866 exem-

230 883 327 927 plum
355 883 613 921 munificentiae
640 886 757 922 Plinii.
816 887 929 931 Quum
956 886 1180 930 haruspicum
1214 884 1396 921 admonitu
1432 884 1540 920 aedes

233 937 372 972 Cereris
409 939 447 973 in
484 940 632 983 praedio
671 940 822 985 quodam
867 950 942 983 suo,
989 950 1080 985 quae
1117 938 1238 975 Idibus
1274 938 1539 984 Septembribus

231 990 515 1036 frequentissima
543 998 632 1037 erat,
683 994 874 1031 reficienda
909 998 1003 1037 esset
1039 1004 1213 1039 quumque
1248 993 1299 1029 ibi
1336 993 1469 1029 nullum
1503 993 1540 1028 in

230 1047 391 1091 proximo
420 1047 603 1092 suffugium
633 1053 727 1086 esset
754 1054 815 1086 aut
841 1049 962 1086 imbris
990 1053 1051 1085 aut
1077 1049 1171 1093 solis,
1208 1058 1289 1084 eam
1318 1058 1430 1093 aeque
1458 1047 1541 1083 reli-

230 1101 328 1144 giose
358 1111 463 1145 quam
491 1103 765 1146 pulcherrimam
793 1105 966 1140 exstruxit
1002 1103 1049 1139 ad
1086 1113 1185 1139 usum
1221 1102 1320 1146 deae,
1351 1112 1393 1138 ac
1429 1101 1540 1137 muni-

230 1154 295 1190 fice
348 1156 505 1199 porticus
550 1158 687 1193 addidit
741 1159 778 1193 in
821 1168 922 1193 usum
969 1157 1323 1200 commoditatemque
1360 1156 1539 1192 hominum

231 1209 334 1244 deam
371 1212 612 1246 venerantium
640 1212 706 1254 IX,
738 1214 800 1249 39.
828 1211 963 1247 Tiferni
991 1214 1108 1247 autem
1125 1210 1295 1253 Tiberini,
1324 1210 1419 1254 quod
1440 1209 1541 1254 oppi-

232 1263 314 1298 dum
358 1274 438 1299 eum
469 1265 544 1309 jam
580 1276 727 1310 puerum
764 1270 952 1310 patronum
987 1268 1185 1310 cooptarat,
1226 1264 1388 1309 quodque
1423 1264 1541 1299 multis

232 1327 312 1352 eum
341 1318 534 1353 honoribus
562 1324 722 1362 auxerat,
751 1321 921 1364 templum
948 1330 1012 1355 sua
1038 1320 1189 1363 pecunia
1216 1319 1402 1360 exstruxit,
1430 1327 1475 1353 ne
1503 1317 1540 1352 in

230 1380 351 1406 amore
380 1381 402 1406 a
430 1372 564 1408 civibus
592 1369 664 1409 illis
691 1374 903 1416 vinceretur,
931 1373 995 1417 IV,
1030 1374 1062 1408 1.

340 1425 557 1472 Quamquam
575 1434 683 1471 ‘vero,
711 1432 751 1464 ut
777 1438 885 1472 supra
914 1428 1156 1464 demonstrare
1175 1426 1323 1474 tentavi,
1351 1424 1539 1461 facultates

231 1489 381 1523 magnae
411 1486 524 1523 erant,
554 1482 679 1526 quibus
705 1482 840 1517 Plinius
868 1482 1043 1525 utebatur,
1072 1481 1139 1517 etsi
1173 1480 1270 1516 nullo
1305 1479 1410 1515 modo
1447 1488 1541 1514 com-

232 1534 353 1577 parari
381 1538 549 1578 poterant
576 1546 655 1572 cum
696 1536 896 1581 ingentibus
938 1536 1067 1572 divitiis
1109 1535 1260 1571 aliorum
1287 1534 1539 1576 Romanorum,

232 1591 272 1623 ut
310 1588 494 1633 Pallantis,
536 1591 705 1634 Narcissi,
749 1588 898 1635 Callisti,
953 1590 1203 1635 Epaphroditi,
1248 1588 1442 1633 Doriphori
1479 1586 1540 1633 (cf.

230 1642 490 1680 Friedlaender
516 1645 534 1679 I
562 1656 644 1690 pag.
677 1648 727 1681 64
757 1650 794 1682 et
821 1647 911 1691 seq.)
939 1645 1037 1681 Vibii
1058 1645 1175 1689 Crispi
1204 1642 1364 1691 (Martial
1382 1642 1444 1686 IV,
1474 1642 1540 1683 54,

234 1698 270 1733 7.
300 1697 403 1740 Eprii
430 1699 595 1733 Marcelli
624 1700 752 1743 (Tacit.
782 1700 865 1735 dial.
897 1699 935 1744 8)
964 1699 1093 1743 Reguli
1119 1698 1226 1744 (Plin.
1243 1707 1301 1741 ep.
1316 1696 1359 1732 11.
1382 1696 1446 1738 20,
1475 1692 1540 1740 13)

231 1750 388 1786 modicas
417 1752 510 1788 enim
553 1753 629 1798 ipse
673 1757 776 1790 vocat
815 1753 1001 1790 facultates
1042 1762 1123 1789 suas
1151 1750 1208 1798 (11,
1237 1753 1275 1795 4,
1305 1751 1343 1795 3)
1354 1747 1379 1797 ς)
1421 1753 1541 1785 tamen

232 1805 358 1839 mirum
388 1806 578 1848 videretur,
608 1808 703 1852 quod
731 1812 786 1843 tot
813 1811 981 1852 tantaque
1010 1808 1104 1842 dona
1118 1805 1418 1841 sinedetrimento
1431 1802 1541 1838 facul-

232 1861 345 1894 tatum
372 1857 491 1896 facere
528 1863 711 1906 potuisset,
755 1862 822 1898 nisi
862 1863 939 1907 ipse
980 1860 1114 1898 fontem
1155 1863 1276 1898 tantae
1317 1858 1541 1895 liberalitatis

232 1913 424 1950 indicasset
451 1915 590 1951 dicens:
619 1918 678 1959 „id
707 1918 800 1961 quod
828 1928 873 1952 ex
900 1917 1017 1952 reditu
1046 1918 1213 1956 cessaret,
1241 1913 1445 1958 frugalitate
1459 1922 1541 1956 sup-

232 1968 337 2011 pleri,
367 1978 411 2003 ex
440 1979 508 2013 quo
537 1970 633 2005 velut
660 1970 756 2006 fonte
785 1970 981 2007 liberalitas
1010 1970 1226 2006 decurreret.
1255 1968 1297 2010 Il,
1327 1969 1363 2012 4,
1387 1968 1425 2004 3.
1467 1966 1540 2002 Ro-

232 2031 355 2057 manos
383 2023 475 2058 enim
505 2024 576 2059 illis
604 2024 822 2069 temporibus
850 2025 987 2069 divites,
1029 2024 1192 2069 exemplo
1228 2023 1428 2068 principum
1454 2021 1541 2057 inci-

235 2080 329 2111 tatos
366 2087 501 2113 summa
541 2079 682 2114 luxuria
711 2083 747 2115 et
787 2082 932 2124 praeter
966 2088 1103 2115 omnem
1140 2078 1282 2114 modum
1317 2077 1356 2112 in
1388 2075 1543 2111 oblecta-

233 2131 360 2165 mentis
389 2132 572 2175 epularum
602 2133 785 2169 dementer
812 2144 849 2170 se
888 2133 1050 2169 effudisse
1091 2134 1187 2169 inter
1228 2141 1349 2168 omnes
1389 2132 1539 2165 constat.

234 2183 290 2218 Eo
318 2185 426 2228 igitur
452 2187 673 2230 praeclarior
699 2188 839 2224 videtur
873 2188 1089 2224 continentia
1131 2190 1168 2223 et
1208 2185 1393 2231 frugalitas
1428 2184 1541 2220 victus

234 2237 353 2283 Plinii,
381 2240 479 2284 cujus
511 2251 644 2284 „cenae
682 2247 721 2279 ut
762 2246 956 2288 apparatus
993 2246 1029 2278 et
1072 2241 1243 2288 impendii
1284 2240 1334 2276 sic
1370 2238 1540 2284 temporis

232 2294 381 2332 modus‘·
413 2297 598 2332 constabat
624 2297 679 2340 111,
714 2298 776 2341 12,
806 2301 844 2335 4.
874 2299 934 2343 qui
962 2297 1117 2342 Septicio
1145 2297 1250 2333 Claro
1279 2294 1408 2337 amico,
1437 2302 1541 2338 quem

235 2349 282 2384 ad
319 2363 444 2388 cenam
472 2350 693 2395 invitaverat,
723 2353 922 2396 pollicetur,
952 2362 989 2388 se
1017 2362 1096 2387 eum
1123 2361 1190 2388 nec
1216 2349 1335 2386 multis
1387 2361 1454 2387 nec
1490 2351 1542 2386 la-

233 2407 279 2442 tis
307 2407 450 2444 ferculis
479 2413 555 2440 esse
584 2409 811 2451 excepturum
837 2405 898 2452 (cf.
916 2407 947 2450 I,
976 2407 1036 2450 15,
1064 2406 1126 2442 ubi
1152 2406 1243 2442 haec
1269 2402 1405 2442 fercula
1430 2405 1541 2443 nomi-

235 2463 344 2499 natim
373 2461 531 2508 signat),
588 2461 665 2497 Nec
693 2471 754 2498 eos
782 2462 938 2498 imitatus
961 2464 1024 2506 est,
1053 2462 1113 2506 qui
1141 2460 1288 2498 aedibus
1323 2460 1462 2497 urbium
1488 2461 1541 2496 in-
