1719 2649
845 135 891 172 11

214 257 386 302 Traianus
413 253 657 298 corpusculum
684 252 791 290 Plinii
818 255 999 300 nominat„
1027 254 1073 298 X,
1108 257 1168 299 18,
1205 257 1236 294 1.
1268 256 1313 294 cf.
1345 258 1423 302 VII,
1455 259 1520 295 21.

219 312 280 348 ubi
306 308 511 345 infirmitate
539 308 719 344 oculorum
745 309 912 345 laborans
949 320 987 345 se
1024 311 1138 354 ipsum
1175 311 1311 355 lippum
1347 313 1519 356 appellat.

214 366 290 409 Quo
318 362 430 408 pluris
457 361 675 398 aestimanda
703 366 757 398 est
798 364 995 399 constantia
1038 367 1074 399 et
1114 365 1303 401 assiduitas
1333 364 1439 400 Plinii
1482 367 1521 400 in

213 416 347 459 studiis,
385 415 479 460 quod
506 418 600 452 statu
626 416 835 453 valetudinis
862 427 988 462 parum
1026 416 1122 453 felici
1157 418 1346 463 impeditus
1384 423 1519 455 tantam

212 471 353 507 laudem
379 473 453 506 tum
481 469 689 515 aequalium,
718 481 823 515 quum
849 475 1071 515 posterorum
1100 475 1154 508 est
1181 477 1371 509 assecutus.

321 525 448 561 Restat
473 534 569 568 vero,
597 527 637 559 ut
663 524 707 560 de
734 524 883 561 fortunis
902 525 1007 563 Plinii
1029 527 1196 562 nonnulla
1211 527 1337 564 dicam.
1367 527 1520 571 Amplas

212 580 247 615 ei
273 575 382 615 fuisse
406 576 605 621 facultates,
645 576 750 615 facile
778 580 904 624 conjici
930 583 1047 624 potest
1081 589 1125 615 ex
1160 581 1309 624 indiciis,
1351 591 1442 626 quae
1469 580 1520 627 ini

212 633 370 678 epistolis
404 633 535 678 passim
571 641 695 677 sparsa
736 636 827 670 sunt.
883 634 1014 670 Unicus
1058 631 1164 670 fuisse
1208 635 1312 672 heres
1356 645 1467 671 avune
1481 635 1518 669 ul

212 687 357 724 caelibis
384 687 534 730 videtur,
571 687 693 723 unicus
728 686 796 724 fuit
829 689 1045 733 parentium
1084 689 1290 733 possidebat
1332 691 1424 725 enim
1470 691 1517 725 ad

211 742 334 777 lacum·
361 742 507 777 Larium
542 741 681 785 amplos
726 745 762 777 et
803 741 1001 778 fructuosos
1042 752 1157 786 agros,
1201 754 1287 787 quos
1332 748 1516 786 „materna

212 798 431 841 paternaque
458 795 630 840 praedia¹‘
661 799 765 831 vocat
792 805 848 840 ep.
877 796 956 840 VII,
989 797 1048 839 11,
1079 797 1114 831 5.
1144 796 1205 840 IV,
1236 799 1271 835 6,
1302 797 1348 840 ΙΙ,
1383 799 1442 841 15,
1473 800 1509 833 2.

212 849 338 885 (10111ᾱο
367 850 486 885 villam
513 848 733 894 magnificam
760 850 797 885 in
823 851 969 894 regione
996 850 1159 892 Ostiensi,
1189 851 1443 886 Laurentinum
1460 852 1508 893 H,

216 904 276 948 17,
318 907 391 939 tum
432 904 469 938 in
505 902 717 948 Appennino
756 904 988 939 saluberrimo
1032 904 1200 939 montium
1228 904 1371 946 Tuscos,
1415 905 1512 948 quus

211 957 349 1002 praedii
376 961 542 994 accurata
570 958 760 1003 descriptio
788 961 905 995 exstat
934 959 970 994 in
999 968 1058 1003 ep.
1088 958 1131 1002 V,
1161 961 1197 994 6.
1228 960 1392 1003 cujusque
1420 960 1513 994 redi—

215 1016 271 1047 tus
300 1021 435 1048 annuus
454 1012 719 1058 quadringenta
754 1012 852 1048 milia
878 1013 1077 1048 sestertium
1106 1012 1300 1048 excedebat
1334 1013 1379 1055 X,
1410 1014 1445 1056 8,
1476 1015 1512 1050 5.

212 1066 268 1101 Ex
295 1077 352 1111 ep,
380 1066 441 1111 IV,
472 1068 494 1103 6
529 1067 782 1111 cognoscimus.
825 1070 971 1112 praeter
998 1066 1087 1102 haec
1120 1066 1280 1111 praedia,
1324 1071 1511 1112 antequam

212 1121 333 1156 consul
359 1119 471 1156 factus
499 1124 603 1164 esset,
640 1121 754 1156 nullos
781 1121 870 1156 alios
897 1120 1023 1157 fundos
1051 1122 1085 1156 ei
1111 1119 1230 1165 fuisse,
1273 1125 1398 1165 postea
1427 1131 1511 1157 vero

211 1174 408 1219 complures
435 1174 601 1217 habebat,
632 1178 670 1210 ut
699 1174 945 1217 Tusculanum,
985 1173 1216 1216 Tiburtinum,
1246 1174 1516 1210 Praenestinum

211 1228 255 1270 V,
286 1230 323 1272 6,
352 1228 417 1264 45.
446 1228 536 1263 alios
564 1228 659 1263 circa
685 1228 848 1272 Larium3
884 1228 971 1263 dicit
1010 1229 1116 1270 enim,
1161 1237 1198 1263 se
1226 1226 1383 1264 Minucio
1411 1229 1514 1264 Justo

211 1292 255 1317 ex
275 1282 430 1326 praediis
456 1283 542 1324 suiS,
580 1282 674 1326 quod
701 1282 809 1319 vellet
823 1286 859 1317 et
875 1283 996 1326 quanti
1010 1282 1117 1318 vellet
1143 1282 1321 1325 obtulisse,
1358 1283 1515 1326 exceptis

214 1336 385 1371 maternis
412 1336 638 1380 paternisque
666 1335 746 1380 VII,
778 1337 837 1380 11,
867 1337 903 1378 5,
933 1334 998 1378 IX,
1024 1338 1061 1378 7,
1092 1335 1128 1371 2.
1158 1345 1245 1380 quos
1272 1336 1413 1380 quidem
1439 1335 1515 1371 fun-

209 1389 274 1426 dos
300 1390 357 1426 vel
383 1393 572 1433 coemerat,
600 1390 656 1426 vel
684 1399 728 1425 ex
755 1389 1010 1426 hereditatibus
1039 1393 1238 1433 acceperat,
1269 1389 1347 1433 VII,
1382 1392 1443 1430 11,
1480 1392 1513 1424 1.

211 1443 263 1479 Et
291 1444 363 1479 alia
388 1443 538 1488 praedia
564 1444 599 1480 in
629 1438 753 1479 eadem
788 1444 933 1488 regione
970 1445 1039 1479 sita
1080 1447 1116 1479 et
1156 1444 1227 1478 suis
1266 1444 1360 1487 agris
1398 1444 1514 1479 vicina

214 1498 367 1534 maximo
405 1498 522 1543 pretio
558 1498 684 1534 emisse
720 1497 858 1533 videtur
890 1498 956 1540 III,
991 1498 1052 1534 19.
1109 1497 1292 1533 Venerunt
1324 1502 1514 1542 praeterea

211 1552 327 1588 Plinio
354 1552 574 1588 hereditates
605 1561 625 1587 e
663 1552 811 1588 diversis
856 1552 1017 1596 partibus
1052 1562 1075 1587 a
1108 1552 1226 1587 multis
1259 1552 1391 1595 amicis,
1426 1553 1515 1587 sieut

212 1606 257 1642 ab
284 1606 447 1642 Aciliano
474 1606 522 1650 11,
556 1606 617 1648 16,
651 1608 694 1650 ’1,
722 1616 745 1641 a
773 1605 904 1642 Sabina
939 1606 1000 1649 IV,
1032 1607 1093 1649 10,
1126 1608 1160 1648 1,
1195 1606 1240 1641 ab
1276 1606 1411 1641 Asudio
1449 1606 1515 1641 Cu-

210 1661 311 1696 riano
350 1660 392 1702 V,
433 1663 467 1703 1,
509 1663 542 1698 1.
582 1671 604 1696 a
640 1660 829 1697 Saturnino
864 1660 908 1704 V,
948 1662 983 1702 7,
1025 1657 1059 1697 1.
1099 1670 1120 1695 a
1156 1660 1274 1704 Largo
1311 1661 1358 1702 X,
1399 1662 1461 1697 75.
1493 1671 1515 1696 a

211 1714 357 1750 Valerio
385 1714 534 1751 Paulino
563 1715 608 1759 X,
642 1716 730 1751 104.
787 1715 863 1758 Qua
891 1713 1053 1750 fortunae
1082 1715 1197 1758 gratia
1225 1714 1346 1758 hisque
1384 1715 1514 1750 amico—

210 1779 288 1805 rum
316 1768 495 1806 benefieiis
521 1768 671 1805 facultas
700 1769 734 1804 ei
762 1769 882 1805 oblata
920 1772 984 1811 est,
1027 1772 1066 1804 ut
1103 1769 1279 1812 angustias
1321 1769 1513 1804 amicorum

210 1826 265 1858 tot
292 1823 467 1866 tantisque
497 1823 597 1858 donis
624 1823 825 1866 adJuvaret3
856 1823 900 1858 de
930 1832 999 1866 qua
1026 1833 1065 1857 re
1093 1822 1196 1865 plura
1218 1821 1310 1857 infra
1326 1823 1440 1857 dicam
1468 1823 1512 1857 de

208 1876 423 1912 liberalitate
450 1876 557 1912 Plinii
584 1880 735 1913 aeturus.

319 1931 499 1967 Hactenus
527 1932 572 1966 de
600 1932 673 1967 vita
699 1930 824 1973 Plinii3
852 1930 896 1965 de
925 1940 994 1974 qua
1010 1929 1140 1971 nescio,
1171 1939 1216 1963 an
1242 1929 1412 1972 prolixius
1438 1930 1512 1965 vid-

210 1994 273 2020 ear
302 1985 548 2029 disputavisse;
586 1988 742 2021 attamen
780 1995 885 2029 quum
918 1984 961 2019 de
999 1982 1153 2018 moribus
1187 1983 1379 2026 cujuspiam
1413 1987 1511 2018 recte

205 2039 360 2084 judicari
395 2049 466 2074 non
507 2050 610 2084 posse
641 2040 847 2083 arbitrarer,
884 2039 957 2073 nisi
992 2041 1168 2079 accurata,
1207 2037 1237 2072 si
1270 2036 1348 2072 fieri
1383 2041 1512 2082 potest,

210 2094 348 2130 ratione
379 2093 471 2129 vitae
497 2094 631 2138 habita,
668 2094 753 2130 mihi
780 2104 858 2129 eam
886 2093 1085 2137 diligentius
1111 2091 1400 2135 perscrutandam
1434 2102 1511 2128 esse

211 2148 358 2184 credidi.

513 2272 570 2312 De
599 2272 756 2323 ingenio
786 2273 827 2312 et
860 2271 1033 2311 moribus
1062 2271 1193 2313 Plinii.

321 2363 516 2407 Imaginem
542 2362 674 2407 ingenii
701 2366 739 2399 et
774 2362 1048 2400 morumPIinii
1083 2361 1334 2398 adumbratum
1369 2361 1454 2396 mihi
1493 2372 1512 2397 e

212 2417 353 2461 scriptis
381 2418 455 2462 ejus
484 2417 637 2454 occurrit
665 2418 719 2454 vir
746 2417 862 2452 animo
890 2416 978 2459 miti,
1015 2417 1190 2460 clementi,
1231 2415 1372 2461 placido
1409 2425 1512 2459 prae-

213 2470 319 2515 ditus,
350 2473 409 2517 qui
436 2473 533 2509 nulla
560 2481 599 2507 10
627 2472 738 2517 magis
766 2471 1023 2515 oblectabatur,
1059 2481 1164 2517 quam
1192 2481 1297 2516 quum
1325 2470 1403 2506 aliis
1432 2481 1513 2506 con-
