1719 2649
850 97 896 132 19

226 214 322 258 VIII,
358 215 402 250 12
433 214 477 248 de
507 213 623 250 Titiuo
653 214 835 260 Capitone,
863 216 960 264 cujtis
993 211 1157 259 „ingenio
1179 215 1427 262 pulcherrimo,
1455 227 1529 252 ma·

223 269 319 305 ximo
347 272 384 303 et
410 269 447 302 in
475 278 610 304 summa
636 271 824 306 severitate
859 270 1059 305 dulcissimo
1096 267 1387 312 sollicitabatur“‚
1428 271 1525 314 VIII,

227 323 277 359 23
308 321 352 357 de
379 321 485 359 Junio
513 321 631 364 Avito,
667 324 723 360 cui
757 324 834 369 ipse
872 325 972 370 quasi
1006 323 1175 368 magister
1209 322 1337 369 fuerat,
1375 326 1526 361 senserit

223 376 532 421 et'intelligemus‚
569 378 718 414 Plinium
757 379 916 415 omnibus
953 380 1036 415 viris
1073 378 1179 414 laude
1215 379 1331 424 dignis
1369 380 1524 416 debitam

221 430 362 466 laudem
410 431 746 478 admirationemque
790 434 1019 477 praestitisse.
1075 433 1270 468 Praeterea
1306 437 1524 478 quantopere

222 485 427 521 exhortatus
455 489 509 522 est
531 486 678 530 juvenes
706 488 916 532 ingeniosos,
943 493 983 524 ut
1009 482 1134 524 studiis
1162 498 1199 524 se
1228 484 1378 531 darent,
1403 492 1442 524 ut
1469 499 1525 524 re-

221 540 383 580 citarent,
412 544 452 576 ut
478 541 634 583 ederent,
681 552 907 586 quaecunque
935 543 1131 578 effecissent
1158 546 1194 578 et
1228 547 1359 587 quanto
1394 543 1523 587 gaudio

221 597 275 629 est
302 592 446 631 affectus
474 595 503 630 si
531 595 647 630 studia
674 605 794 631 eorum
821 606 994 640 prospere
1022 600 1269 641 processerant
1303 595 1348 633 cf.
1377 597 1426 639 11,
1460 599 1521 634 10.

219 648 286 690 IV,
316 650 351 692 3,
381 649 421 692 V,
462 651 522 685 11.
551 649 648 692 VIII,
680 651 717 685 4.
744 650 808 692 IX,
844 653 878 688 1.
906 651 935 695 Ι,
967 653 1002 694 3,
1031 652 1060 695 Ι,
1091 652 1126 688 9.

328 703 609 739 Recitationibus
648 704 753 747 enim,
796 714 883 749 quas
924 705 986 740 illo
1025 709 1183 749 tempore
1219 706 1314 749 apud
1341 705 1522 741 Romanos

218 767 282 795 usu
310 767 385 793 esse
414 764 576 802 receptas
605 761 641 794 et
669 769 688 794 e
717 758 832 795 Plinio
860 762 896 794 et
923 769 967 795 ex
995 759 1073 795 aliis
1101 757 1205 795 facile
1234 759 1402 802 videmus,
1436 760 1523 795 ami-

218 821 337 846 corum
373 822 513 856 semper
548 811 661 848 adfuit
695 812 740 848 cf.
777 813 807 854 Ι,
841 815 902 855 13,
933 815 977 849 5:
1027 813 1213 858 „equidem
1248 823 1361 858 prope
1389 815 1520 849 nemini

221 864 349 903 defui“.
406 866 559 902 Putabat
588 868 681 903 enim
719 867 938 903 utilissimum
974 870 1010 903 et
1044 868 1090 903 ad
1130 868 1264 912 scripta
1301 868 1521 903 emendanda

218 921 368 956 maxime
396 921 572 964 idoneum,
609 932 729 957 coram
757 922 863 957 certis
891 922 1082 967 electisque
1118 922 1250 966 amicis,
1285 926 1433 966 quorum
1464 923 1519 966 ju-

219 974 347 1010 dicium
374 984 456 1011 acre
485 978 522 1011 et
548 976 702 1020 prudens
727 976 802 1020 jam
840 980 1023 1021 expertum
1059 975 1220 1017 timebat,
1258 976 1435 1012 orationes
1463 977 1519 1012 vel

219 1029 291 1063 alia
318 1030 449 1074 scripta
476 1031 626 1066 recitare
656 1041 698 1066 eo
727 1031 885 1075 consilio,
912 1035 952 1066 ut
979 1031 1238 1073 admoneretur,
1267 1031 1297 1065 si
1325 1031 1410 1075 quid
1436 1041 1518 1075 pec-

219 1083 378 1125 cavisset,
417 1085 447 1119 si
475 1085 559 1129 quid
585 1085 697 1129 ipsum
727 1084 915 1130 effugisset,
955 1096 1036 1121 nam
1067 1086 1197 1129 „timor
1233 1088 1287 1120 est
1314 1085 1520 1121 emendator

218 1138 467 1181 asperrimus·‘.
497 1139 576 1181 VII,
610 1141 670 1176 17.
728 1139 777 1174 Et
802 1143 900 1175 recte
926 1141 1008 1184 egit,
1047 1140 1129 1184 quia
1157 1139 1223 1175 etsi
1259 1140 1295 1174 in
1324 1139 1516 1185 quibusque

222 1192 367 1234 singulis
394 1192 610 1227 audientium
634 1193 758 1236 judicii
786 1203 921 1236 pamm,
948 1197 1067 1228 tamen
1093 1194 1130 1227 in
1158 1193 1318 1227 omnibus
1330 1194 1518 1236 plurimum

215 1244 400 1289 judicabat
428 1249 466 1281 et
501 1255 646 1281 numero
681 1247 758 1291 ipso
795 1256 958 1291 magnum
993 1245 1169 1291 quoddam
1206 1246 1387 1282 consilium
1420 1246 1520 1282 attri-

219 1299 360 1334 buebat.
416 1300 527 1343 Quam
556 1299 601 1335 'ob
639 1311 714 1336 rem
749 1301 976 1336 vehementer
1009 1301 1184 1345 increpuit
1217 1310 1272 1344 ep.
1299 1300 1329 1343 Ι,
1363 1301 1425 1343 13,
1453 1300 1517 1344 VI,

225 1354 271 1388 17
301 1353 489 1388 multorum
518 1354 652 1389 animos
680 1364 702 1389 a
729 1354 996 1390 recitationibus
1024 1364 1164 1389 aversos
1198 1357 1234 1388 et
1261 1353 1431 1389 desidiam
1458 1364 1518 1389 ne-

218 1408 491 1454 gligentiamque
520 1418 655 1450 eorum,
701 1409 785 1454 „qui
816 1410 872 1445 vel
908 1410 1002 1445 lente
1039 1411 1314 1454 cunctanterque
1348 1408 1517 1451 venirent,

219 1462 275 1497 vel
303 1462 418 1497 surdis
446 1463 617 1507 mutisque
645 1463 776 1497 similes
802 1464 996 1506 audirent“‚
1025 1473 1154 1507 eosque
1181 1466 1279 1497 tanto
1307 1463 1418 1506 magis
1444 1463 1528 1497 lau->

220 1516 355 1552 dandos
383 1516 655 1562 probandosque
684 1517 852 1559 nominat,
892 1527 979 1563 quos
1006 1516 1093 1553 haee
1121 1516 1318 1553 auditorum
1349 1516 1403 1552 vel
1430 1516 1521 1552 desi-

220 1570 278 1605 dia
305 1571 362 1606 vel
389 1571 555 1615 superbia
584 1581 606 1605 a
639 1571 754 1606 studio
789 1572 1002 1607 litterarum.
1023 1582 1093 1607 non
1127 1571 1354 1606 deterruisset
1386 1571 1414 1614 I,
1456 1572 1517 1608 13.

219 1624 268 1659 Et
294 1624 369 1668 ipse
398 1625 539 1670 quidem
567 1634 697 1668 omnes,
726 1626 786 1670 qui
812 1625 945 1669 aliquid
971 1626 1008 1660 in
1038 1625 1161 1660 studiis
1188 1623 1414 1668 profecerant
1459 1634 1520 1659 ve-

221 1679 343 1714 nerari
372 1682 478 1724 atque
508 1679 615 1714 etiam
641 1679 762 1714 mirari
790 1679 937 1722 solebat,
966 1679 1060 1725 quod
1087 1689 1163 1715 rem
1191 1678 1336 1714 arduam
1363 1676 1520 1713 fastidio—

220 1742 364 1778 samque
393 1743 469 1769 esse
498 1732 649 1774 dicebat,
679 1742 752 1775 eos,
782 1743 804 1768 a
832 1733 957 1779 quibus
972 1737 1245 1776 contemnamur,
1272 1733 1420 1768 invicem
1435 1742 1517 1768 con-

219 1790 377 1822 temnere
405 1786 449 1822 cf.
480 1787 541 1826 VI,
575 1788 636 1830 17,
665 1787 703 1823 5.

328 1841 407 1877 Hoc
446 1839 586 1887 qrfidem
622 1841 701 1876 loco
740 1844 1012 1878 consentaneum
1045 1841 1183 1877 videtur
1217 1849 1397 1886 quaerere,
1433 1850 1518 1876 num

219 1895 354 1931 Plinius
379 1897 457 1939 jure
485 1895 737 1939 vituperandus
764 1896 820 1939 sit,
858 1896 953 1941 quod
995 1897 1126 1931 amicos
1160 1895 1262 1929 nimis
1287 1894 1445 1929 laudavit
1472 1904 1516 1929 eo

220 1949 379 1990 consilio,
408 1952 448 1985 ut
474 1950 550 1994 ipse
580 1959 623 1984 eo
650 1949 785 1993 majore
813 1949 918 1985 laude
937 1949 982 1985 ab
1001 1950 1071 1985 illis
1086 1948 1331 1984 cumularetur.
1390 1948 1518 1991 Quam·

221 2013 325 2050 quam
354 2013 438 2040 vero
465 2002 611 2040 infitiari
637 2014 707 2039 non
741 2013 935 2048 possumus,
973 2004 1011 2040 in
1044 2002 1218 2039 nonnullis
1252 2002 1325 2046 ejus
1360 2001 1518 2046 epistolis

220 2058 334 2092 inesse
370 2057 620 2093 abundantiam
656 2057 831 2102 quandam
868 2058 993 2100 laudis,
1030 2064 1133 2101 qnam
1169 2056 1359 2090 amicorum
1393 2055 1518 2090 studiis

222 2110 393 2154 attribuit,
423 2115 464 2147 ut
491 2110 556 2155 IV,
573 2113 608 2147 -3
640 2114 677 2147 et
708 2112 768 2156 18,
795 2114 912 2147 tamen
938 2109 1194 2155 respiciendum
1222 2112 1286 2153 est,
1319 2108 1415 2155 quod
1441 2109 1517 2154 ipse

221 2166 287 2201 hac
336 2166 381 2202 de
417 2176 457 2201 re
495 2167 640 2210 exponit
675 2166 755 2206 VII,
793 2166 863 2201 282
901 2165 1090 2209 „Agnosco
1131 2164 1276 2207 crimen,
1323 2163 1519 2207 amplector

221 2220 339 2255 etiam.
395 2219 487 2263 Quid
514 2220 607 2255 enim
634 2219 811 2255 honestius
837 2219 942 2263 culpa
968 2217 1219 2262 benignitatis?
1254 2216 1322 2261 Qui
1358 2220 1440 2265 suut
1465 2220 1517 2252 ta-

221 2284 310 2309 men*
329 2275 399 2317 isti,
429 2274 488 2319 qui
515 2274 646 2309 amicos
673 2273 797 2309 melius
824 2272 969 2309 norint?
1008 2272 1079 2308 Sed
1115 2275 1155 2308 ut
1180 2271 1310 2314 norint,
1354 2271 1438 2317 quid
1465 2271 1518 2306 iu-

219 2327 345 2363 vident
370 2328 456 2363 mihi
476 2323 682 2363 *felicissimo
711 2327 859 2362 errore?
886 2327 936 2362 Ut
962 2327 1054 2361 enim
1081 2336 1152 2362 non
1178 2327 1247 2361 sint
1261 2326 1366 2369 tales,
1396 2325 1518 2370 quales

221 2391 245 2417 a
271 2391 327 2418 me
354 2382 617 2427 praedicantur,
661 2390 727 2427 ego
755 2384 872 2417 tamen
908 2380 1044 2425 beatus,
1088 2380 1184 2426 quod
1219 2379 1306 2415 mihi
1342 2379 1516 2416 videntur.

219 2435 332 2480 Igitur
358 2437 406 2473 ad
433 2437 521 2474 alios
547 2437 639 2473 hanc
666 2437 842 2473 sinistram
870 2435 1087 2482 diligentiam
1120 2434 1317 2478 conferant,
1345 2445 1411 2471 nec
1432 2437 1515 2471 sunt
