1719 2649
839 91 887 127 10

305 209 474 252 Quotiens
512 208 619 253 igitur
654 210 691 243 et
726 211 945 253 quantopere
983 207 1142 252 queritur
1182 216 1240 251 „se
1277 205 1414 255 frigidis
1447 218 1508 245 ne-

194 263 309 307 gotiis,
340 273 430 308 quae
459 263 562 306 simul
591 265 628 299 et
647 266 798 299 avocent
812 264 964 299 animum
992 265 1029 299 et
1041 263 1289 304 comminuant,
1319 262 1502 306 distringi*

193 318 252 359 lX,
283 318 318 360 2,
352 320 384 354 1.
414 318 533 353 multis
569 317 763 352 amicorum
797 318 947 362 negotiis
986 316 1110 352 studiis
1146 317 1314 360 amoveri,
1358 317 1441 361 vm,
1472 318 1508 360 9,

198 374 232 407 1.
263 371 406 406 urbanis
429 375 466 407 et
503 371 643 407 rusticis
681 371 833 415 negotiis
870 380 1016 415 operam
1054 369 1239 406 absorberi
1275 370 1346 414 Vll,
1377 372 1441 415 30,
1471 370 1507 414 2,

194 426 248 461 ita
276 428 315 460 ut
343 425 467 461 studiis
495 426 566 461 suis
593 435 665 460 non
693 428 842 468 tantum,
872 428 1040 470 quantum
1057 425 1176 468 vellet,
1207 424 1354 469 obsequi
1371 428 1503 469 posset.

194 480 235 514 In
265 480 552 515 rusticationibus
581 483 698 515 autem
726 479 875 524 petebat
902 482 1037 516 aestate
1066 479 1198 514 Tuscos
1226 488 1307 515 suos
1324 479 1369 521 -V,
1401 481 1437 521 6,
1472 481 1505 521 1,

194 533 310 569 hieme
347 545 431 570 vero
476 534 683 578 plerumque
721 534 1000 570 Laurentianum
1039 533 1224 578 praedium
1260 533 1322 575 IX,
1361 529 1425 575 40,
1473 534 1504 569 1.

195 598 345 631 quorum
374 599 437 624 sua
464 589 605 632 utrique
634 589 830 624 amoenitas
859 592 896 624 et
927 588 1129 633 jucunditas
1165 597 1209 623 ex
1245 588 1323 631 ipsa
1362 587 1507 624 diversi-

193 645 269 678 tate
299 646 389 684 erat,
419 645 455 678 et
482 642 534 678 ibi
561 645 637 678 toto
667 643 785 679 animo
814 653 851 679 se
887 642 986 679 dedit
1011 642 1149 678 litteris.
1208 641 1361 677 Exstant
1388 642 1508 686 copio-

144 705 155 711 ·
194 697 305 732 siores
335 697 593 741 descriptiones
621 696 747 733 horum
775 697 1003 742 praediorum
1030 697 1067 732 in
1096 697 1198 740 epist.
1227 696 1272 738 V,
1303 698 1339 737 6,
1364 695 1413 743 11,
1447 698 1506 732 17.

194 750 343 786 Aestate
372 761 458 786 vero
487 751 663 795 quomodo
693 751 787 787 diem
815 751 1027 795 disposuerit
1055 760 1111 794 ep.
1139 750 1204 793 IX,
1235 751 1297 793 36,
1332 749 1506 793 quomodo

193 804 309 839 hieme
339 814 397 848 ep.
428 805 494 849 IX,
527 806 578 840 40
607 805 713 840 latius
747 805 946 850 perscribit,
985 804 1031 840 ad
1059 813 1146 848 quas
1192 802 1364 848 epistolas
1404 803 1507 847 hujus

194 859 249 894 rei
276 859 452 894 studiosos
497 858 712 902 delegamus.
771 859 889 903 Atque
930 858 995 901 ibi,
1040 863 1079 893 nt
1120 857 1237 894 verbis
1265 858 1371 892 Plinii
1413 861 1506 899 utar,

198 912 331 954 „otium
361 913 467 948 altius
495 916 532 948 et
560 913 723 957 pinguius
754 923 866 958 eoque
895 913 1063 957 securim,
1101 911 1199 947 nulla
1226 911 1418 947 necessitas
1456 914 1506 946 to-

191 977 258 1010 gae
288 977 392 1002 nemo
422 968 615 1003 accessitor
645 977 688 1002 ex
725 968 899 1012 proximo,
936 966 1079 1012 placida
1108 966 1227 1002 omnia
1255 969 1291 1002 et
1328 966 1508 1011 quiescen-

191 1021 253 1061 tia,
291 1021 385 1065 quod
414 1022 528 1065 ipsum
557 1020 759 1057 salubritati
788 1022 942 1067 regionis
970 1026 1011 1058 ut
1037 1021 1159 1066 purius
1187 1021 1334 1065 coelum,
1378 1024 1416 1056 ut
1445 1024 1508 1056 aer

190 1075 358 1119 liquidior
386 1075 591 1111 accedebat.
649 1075 705 1111 Ibi
734 1077 852 1112 animo
881 1076 931 1112 ibi
969 1086 1120 1121 corpore
1156 1075 1307 1111 maxime
1346 1074 1506 1118 valebat3

190 1139 273 1164 nam
307 1129 455 1171 „studiis
481 1130 648 1173 animum,
689 1134 819 1166 venatu
845 1140 973 1175 corpus
1002 1129 1231 1166 exercebat“.
1289 1130 1334 1173 V,
1366 1132 1404 1178 6,
1444 1131 1508 1167 45.

190 1182 240 1217 Et
268 1184 339 1218 alio
368 1184 466 1218 loco:
496 1183 608 1225 „nihil
636 1183 754 1226 audio,
785 1184 837 1229 (in
854 1184 1094 1220 Laurentiano
1122 1189 1216 1225 meo)
1242 1183 1337 1227 quod
1351 1182 1506 1226 audisse,

190 1236 278 1271 nihil
309 1237 400 1279 dico,
431 1237 526 1282 quod
554 1237 683 1273 dixisse
712 1239 914 1282 poeniteat3
951 1248 1054 1274 nemo
1090 1237 1184 1282 apud
1212 1247 1268 1273 me
1298 1247 1507 1282 quemquam

191 1291 343 1326 sinistris
372 1291 593 1327 sermonibus
622 1293 748 1336 carpit,
778 1294 954 1328 neminem
982 1293 1059 1337 ipse
1087 1291 1322 1336 reprehendo,
1360 1292 1428 1327 nisi
1455 1295 1507 1327 ta-

190 1355 269 1380 men
298 1356 368 1387 me,
399 1356 504 1390 quum
533 1355 659 1390 parum
677 1346 1019 1390 commodescribo3
1046 1347 1143 1382 nulla
1160 1356 1234 1390 spe,
1265 1345 1360 1382 nullo
1380 1346 1506 1382 timore

189 1400 374 1443 sollicitor,
411 1400 517 1435 nullis
546 1400 745 1436 rumoribus
773 1401 963 1445 inquietor,
1004 1411 1142 1436 mecum
1178 1404 1315 1436 tantum
1356 1403 1392 1435 et
1428 1411 1507 1436 cum

189 1453 319 1488 libellis
347 1454 486 1498 loquor.
545 1454 573 1490 Ο
601 1457 737 1489 rectam
764 1455 1008 1500 sinceramque
1037 1455 1156 1498 vitam,
1195 1464 1216 1490 o
1254 1454 1356 1490 dulce
1386 1456 1502 1491 otium

188 1507 444 1553 honestumque
474 1518 516 1544 ac
544 1519 659 1553 paene
690 1510 785 1545 omni
813 1511 958 1555 negotio
986 1510 1181 1554 pulchrius!
1211 1509 1240 1552 I,
1272 1509 1309 1553 9,
1342 1511 1379 1546 4.

298 1563 341 1599 In
370 1563 458 1598 urbe
487 1573 584 1607 vero,
628 1565 823 1608 perexigua
856 1568 961 1609 parte
999 1566 1169 1609 temporis
1197 1564 1325 1599 litteris
1366 1564 1504 1605 relicta,

188 1621 227 1653 ut
256 1628 366 1662 supra
395 1617 479 1663 dixi,
516 1628 574 1653 res
605 1618 797 1654 amicorum
826 1618 943 1655 Plinio
974 1619 1147 1655 maximae
1176 1628 1284 1655 curae
1313 1621 1433 1661 erant3
1469 1622 1505 1654 et

191 1683 297 1716 quum
325 1673 402 1717 ipse
432 1682 566 1716 omneS,
599 1673 658 1717 qui
687 1674 723 1708 in
752 1673 878 1709 studiis
907 1673 1038 1717 aliquid
1068 1673 1311 1718 praestabant,
1342 1674 1502 1708 venerari

189 1728 296 1762 etiam
347 1728 539 1772 mirarique
583 1727 726 1769 soleret,
787 1728 975 1772 plurimum
1018 1728 1187 1773 temporis
1237 1726 1503 1763 recitationibus

189 1791 310 1817 eorum
340 1782 513 1825 attribuit,
557 1792 643 1826 quas
673 1782 818 1818 crebras
846 1781 952 1818 fuisse
990 1782 1190 1826 intelligere
1233 1791 1417 1826 possumus
1459 1792 1503 1817 cx

189 1845 245 1878 ep.
276 1835 306 1876 Ι,
340 1837 402 1877 13,
437 1839 470 1872 1.
519 1839 617 1878 „toto
647 1845 766 1871 mense
795 1836 912 1880 Aprili
949 1836 1065 1871 nullus
1099 1834 1175 1872 fere
1205 1835 1291 1878 dieS,
1333 1845 1402 1880 quo
1431 1845 1502 1871 non

188 1889 357 1925 recitaret
384 1890 562 1935 aliquis“:
598 1900 723 1926 causas
749 1891 921 1933 actitavit,
968 1890 1117 1935 denique
1146 1894 1285 1934 tempus
1314 1890 1502 1926 distentum

186 1944 462 1988 impeditumque
491 1948 528 1980 et
556 1943 680 1980 officiis
708 1945 881 1987 maximis,
922 1948 959 1980 et
994 1944 1150 1980 amicitia
1176 1945 1375 1989 principum
1417 1944 1501 1989 egit.

297 1997 431 2035 Caveas
459 2009 558 2042 vero,
598 2009 642 2035 ne
672 2000 852 2044 egregiam
887 1999 994 2035 Plinii
1027 1998 1238 2035 industriam
1273 2002 1379 2044 atque
1416 1999 1502 2036 assi-

188 2052 358 2088 duitatem
401 2055 436 2089 in
474 2054 615 2097 litteris,
661 2053 870 2096 actionibus,
913 2054 1117 2091 muneribus·
1155 2054 1306 2099 publicis
1346 2057 1500 2090 contem-

186 2107 316 2150 platus,
345 2118 424 2143 eum
453 2109 510 2144 vel
539 2105 668 2153 magna
695 2109 855 2154 corporis
882 2107 1061 2152 firmitate,
1100 2109 1156 2146 vel
1184 2108 1339 2145 maxima
1366 2109 1500 2145 valetu-

185 2161 277 2196 dinis
305 2163 544 2209 prosperitate
576 2173 652 2199 esse
681 2174 781 2199 usum
822 2167 938 2208 putes,
988 2164 1094 2200 immo
1138 2173 1224 2201 vero
1264 2173 1391 2207 parum
1433 2162 1501 2198 fuit

183 2214 286 2251 firma
313 2217 526 2259 valetudine,
570 2216 686 2254 forma
713 2219 874 2263 corporis
906 2218 1034 2262 gracili
1076 2222 1113 2254 et
1151 2217 1398 2259 imbecilliore,
1441 2218 1501 2252 eui

183 2270 325 2313 quidem
354 2270 526 2315 Trajanus
556 2271 688 2308 Caesar
715 2276 852 2308 tantam
877 2282 998 2308 curam
1016 2272 1206 2318 praestitit,
1238 2281 1362 2308 causas
1378 2272 1501 2316 agenti

183 2323 353 2360 Afrorum
390 2330 514 2361 contra
542 2327 695 2363 Marium
724 2328 883 2363 Priscum
926 2328 1226 2372 proconsularem,
1266 2330 1306 2363 ut
1332 2326 1499 2362 libertum

182 2382 263 2423 post
292 2390 373 2415 eum
402 2383 553 2416 stantem
582 2382 807 2419 admoneret:
857 2382 960 2426 „voci
1000 2381 1175 2427 laterique
1203 2380 1310 2417 Plinii
1338 2380 1498 2417 consule-

183 2437 274 2470 ret.“
310 2434 451 2471 dixerat
479 2445 564 2472 vero
592 2435 688 2473 horis
722 2446 837 2482 paene
874 2437 1025 2482 quinque
1054 2436 1101 2481 11,
1134 2436 1192 2472 12.
1227 2436 1292 2479 15;
1334 2435 1497 2483 idemque
