1719 2649
862 78 909 114 16

235 205 356 232 verum
391 195 499 230 etiam
534 195 732 230 simultates
772 205 838 239 pro
882 193 963 229 filiis
1006 193 1126 230 fratris
1168 195 1261 231 illius
1290 195 1442 232 Maurici
1477 200 1550 233 tam

235 259 349 297 aequo
377 249 495 286 animo
522 249 652 294 subire,
681 258 786 295 quam
812 252 979 295 parentes
1006 259 1072 295 pro
1100 250 1196 287 suis“
1224 250 1263 294 11,
1296 251 1356 287 18.

345 305 490 348 Quoties
518 315 603 341 vero
632 314 756 340 causas
785 305 979 340 amicorum
1018 304 1143 348 egerit,
1181 314 1202 339 e
1237 305 1355 341 multis
1392 305 1550 350 epistolis

237 359 404 404 cognosci
447 362 566 403 potest
594 359 656 402 VI,
692 360 751 401 12,
781 358 809 403 Ι,
844 360 906 396 18.
936 357 1019 402 VII,
1067 359 1129 395 15.
1159 358 1328 404 aliisque3
1371 359 1551 405 gaudebat

237 415 330 450 enim
359 414 539 459 suscipere
568 423 692 450 causas
721 413 915 449 amicorum
944 416 1006 449 aut
1035 413 1227 449 destitutas
1249 417 1310 449 aut
1345 414 1391 449 ad
1428 426 1548 450 exem-

235 469 332 512 plum
361 469 593 512 pertinentes,
624 468 811 503 destitutas
845 468 963 513 „quod
990 468 1026 502 in
1055 468 1125 503 illis
1154 468 1304 503 maxime
1335 472 1369 503 et
1389 472 1551 504 constan-

235 523 287 559 tia
315 523 453 567 agentis
481 526 518 559 et
543 522 744 559 humanitas
773 525 994 565 cerneretur,
1024 522 1070 558 ad
1099 522 1298 567 exemplum
1320 524 1550 568 pertinentes,

236 578 319 623 quia
346 578 536 622 plurimum
563 576 727 621 referret,
765 578 897 614 bonum
936 588 981 612 an
1016 577 1146 612 malum
1184 575 1415 625 (exemplum)
1451 578 1551 614 indu-

236 634 423 674 ceretur“;
465 642 531 667 nec
574 630 687 667 defuit
729 631 834 667 claris
871 634 907 667 et
934 630 1126 666 illustribus
1154 630 1279 675 quibus
1306 631 1455 676 gloriam
1499 631 1551 668 fa-

235 696 398 731 mamque
427 686 550 730 augeri
577 696 681 731 posse
710 686 860 731 putabat
886 684 930 722 cf.
959 686 1020 729 VI,
1050 687 1115 728 29,
1149 688 1166 721 1
1199 689 1236 721 et
1265 687 1300 722 6.

344 740 454 776 Aliud
482 750 567 777 vero
581 741 687 785 idque
705 742 857 776 maxime
886 741 1111 785 conspicuum
1140 740 1338 784 exemplum
1369 741 1546 775 comitatis

236 795 397 839 gratique
427 794 535 829 animi
561 794 696 830 Plinius
723 794 826 830 nobis
855 793 959 830 affert
988 804 1044 838 ep.
1074 793 1139 838 ΙΙΙ,
1168 796 1228 829 11.
1285 793 1550 830 Artemidorum

236 849 330 884 enim
358 848 608 893 philosophum
637 852 674 885 et
700 849 910 893 magistrum
940 858 1073 885 summo
1102 849 1212 893 ipsius
1240 849 1399 893 periculo
1440 848 1549 885 facul-

236 903 370 939 tatibus
398 904 469 940 suis
497 904 645 948 adjuvit,
675 914 780 948 quum
808 907 967 949 praetor,
1005 913 1074 948 qua
1102 914 1142 939 re
1171 903 1360 940 notabilius
1388 907 1425 940 et
1450 904 1548 949 peri-

237 958 390 994 culosius
418 959 487 995 hoc
517 962 609 1001 erat,
640 958 687 995 ad
715 959 814 995 illum
842 959 955 995 virum
983 958 1187 994 Domitiano
1216 959 1371 1003 principi
1398 959 1548 995 maxime

236 1017 437 1058 suspectum
466 1016 503 1050 ct
528 1014 678 1050 invisum
706 1013 823 1050 adiret
859 1014 1003 1059 ejusque
1041 1012 1205 1050 fortunae
1244 1014 1454 1050 tenuitatem
1488 1024 1550 1058 pe-

237 1069 351 1112 cunia,
379 1078 484 1112 quam
512 1068 589 1112 ipse
617 1071 795 1104 mutuatus
824 1072 912 1113 erat,
940 1067 1142 1104 sublevaret
1174 1068 1432 1111 „mussantibus
1453 1078 1549 1112 mag-

236 1124 290 1157 nis
318 1122 528 1167 quibusdam
558 1126 594 1158 et
621 1123 859 1167 locuptetibus
888 1123 1049 1159 amiciS.“
1109 1123 1158 1158 Et
1192 1123 1259 1158 hoc
1296 1121 1392 1166 fecit,
1445 1133 1551 1167 quum

232 1177 307 1220 jam
335 1180 471 1221 septem
499 1177 609 1221 ipsius
637 1178 742 1212 amici
769 1181 832 1213 aut
859 1177 966 1213 occisi
993 1179 1055 1212 aut
1091 1174 1242 1221 relegati
1275 1181 1393 1213 essent
1431 1187 1550 1222 quum-

238 1241 306 1276 que
335 1232 431 1267 circa
459 1241 539 1267 eum
573 1232 698 1276 „jactis
726 1230 927 1268 fulminibus
956 1231 1057 1276 quasi
1084 1232 1265 1267 ambustus
1301 1233 1370 1276 ipsi
1412 1241 1551 1276 quoque

236 1286 444 1329 impendere
474 1286 568 1321 idem
593 1286 738 1321 exitium
775 1286 881 1321 certis
919 1285 1126 1331 quibusdam
1165 1286 1256 1322 natis
1291 1287 1546 1331 auguraretur“

237 1340 303 1383 III,
338 1342 399 1382 11,
433 1342 468 1376 3.
528 1340 604 1375 Nec
635 1343 755 1375 tamen
782 1340 850 1376 hoc
878 1340 1014 1385 gloriae
1044 1340 1111 1375 sibi
1133 1340 1319 1385 imputavit
1354 1340 1416 1376 sed
1452 1338 1550 1384 flagi-

237 1394 324 1430 tium
352 1397 489 1430 tantum
517 1404 555 1430 se
585 1393 747 1439 effugisse
777 1395 940 1431 credidit.

346 1449 576 1485 Praestititne
604 1452 741 1485 tantum
770 1448 917 1485 officia?
945 1449 1055 1484 Immo
1084 1458 1170 1484 vero
1187 1449 1314 1486 obtulit
1334 1459 1393 1493 ea3
1422 1459 1550 1494 magna

238 1504 333 1539 enim
371 1514 450 1539 cum
492 1502 666 1539 facilitate
709 1508 745 1539 et
785 1505 951 1541 comitate
981 1503 1155 1539 Corelliae
1184 1504 1369 1548 Hispullae
1411 1504 1549 1548 viduae,

236 1561 340 1602 patre
361 1561 510 1602 mortuo,
539 1558 632 1594 ultro
656 1558 835 1603 pollicitus
856 1562 921 1602 est,
951 1568 988 1594 se
1017 1560 1184 1602 quantum
1212 1559 1248 1594 in
1276 1568 1314 1594 se
1342 1556 1446 1608 foret,
1479 1559 1551 1594 eni-

237 1623 356 1648 surum
386 1623 475 1657 esse,
514 1616 554 1648 ut
581 1612 673 1649 filius
702 1614 776 1658 ejus
804 1613 961 1650 honestis
998 1612 1132 1648 artibus
1160 1613 1377 1649 imbueretur
1404 1614 1456 1649 ita
1489 1617 1550 1656 „ut

237 1668 430 1711 majoribus
458 1668 529 1703 suis
545 1668 749 1704 clarissimis
768 1669 892 1704 similis
920 1667 1023 1704 fieret
1050 1677 1259 1712 semperque
1287 1668 1548 1711 recordaretur,

239 1732 330 1767 quae
358 1722 502 1758 nomina
531 1725 567 1758 et
594 1726 727 1767 quanta
755 1724 954 1767 sustineret,
991 1721 1186 1768 quibusque
1222 1722 1433 1768 imaginibus
1468 1733 1548 1759 one-

238 1780 413 1813 raretur.“
474 1777 540 1821 ΙΙΙ,
574 1780 616 1821 3;
659 1778 732 1813 alia
759 1777 862 1822 huJus
903 1778 956 1813 rei
997 1778 1161 1821 exempla
1199 1778 1393 1814 invenimus
1434 1778 1495 1822 VI,
1526 1780 1547 1813 9

241 1834 279 1867 et
305 1832 368 1873 IV,
405 1833 465 1866 17.

350 1885 442 1930 Quid
470 1885 578 1930 igitur
605 1885 744 1928 mirum,
776 1884 870 1930 quod
899 1884 1036 1921 Plinius
1064 1885 1134 1921 illis
1162 1887 1315 1931 negotiis
1343 1886 1549 1932 plerumque

238 1938 376 1985 frigidis
404 1940 617 1985 quotidianis
644 1943 688 1977 ut
715 1940 876 1976 maximis
912 1941 963 1976 ita
1000 1941 1269 1984 molestissimis,
1313 1940 1436 1986 quibus
1478 1942 1553 1978 ani-

238 2005 316 2031 mus
345 1999 381 2031 et
409 2006 431 2031 a
459 1995 584 2032 studiis
613 1999 825 2032 avocaretur
839 1999 876 2032 et
890 1996 1197 2039 comminueretur,
1229 1996 1408 2033 districtus
1425 1996 1467 2043 (I,
1488 1997 1551 2043 10)

237 2054 274 2087 et
302 2049 515 2097 defatigatus
544 2050 768 2087 exclamabat
796 2061 856 2095 „se
881 2051 955 2095 jam
980 2052 1119 2096 pridem
1147 2053 1295 2096 nescire,
1343 2052 1428 2096 quid
1458 2057 1553 2088 esset

239 2106 362 2147 otium,
392 2106 477 2150 quid
505 2106 615 2151 quies,
656 2105 741 2150 quid
771 2106 920 2149 denique
949 2106 1037 2141 illud
1063 2107 1158 2142 iners
1187 2106 1329 2150 quidem
1360 2107 1551 2149 jucundum

239 2163 371 2202 tamen,
400 2160 488 2195 nihil
517 2169 636 2203 agere,
667 2159 755 2194 nihil
785 2162 888 2196 esse“
918 2159 1016 2204 VIII,
1048 2161 1081 2204 9,
1116 2161 1156 2204 1;
1195 2160 1290 2205 quod
1318 2159 1550 2205 querebatur:

241 2224 488 2258 „nunquamne
517 2214 583 2250 hos
611 2215 804 2250 artissimos
836 2215 995 2259 laqueos,
1038 2216 1068 2250 si
1109 2216 1246 2251 solvere
1288 2218 1450 2258 negatur,
1492 2215 1553 2250 ab·

238 2269 419 2312 rumpam!
456 2269 643 2313 Nunquam
680 2271 779 2312 puto.
835 2269 928 2304 Nam
967 2269 1142 2305 veteribus
1176 2269 1326 2313 negotiis
1364 2278 1455 2305 nova
1491 2269 1553 2304 ad-

239 2325 415 2363 crescunt,
443 2332 509 2358 nec
537 2326 655 2358 tamen
682 2323 805 2368 priora
832 2326 1059 2368 peraguntur,
1104 2327 1159 2360 tot
1185 2323 1342 2366 nexibus,
1372 2327 1425 2359 tot
1452 2324 1553 2368 quasi

240 2378 377 2413 catenis
407 2377 519 2421 magis
555 2378 591 2412 in
628 2377 704 2413 dies
742 2378 1012 2423 occupationum
1050 2388 1175 2423 agmen
1209 2377 1447 2414 extenditur“.
1503 2378 1551 2421 II,

242 2433 280 2475 8,
325 2432 361 2476 2,
418 2430 515 2478 quod
557 2435 655 2469 tanto
706 2432 881 2470 desiderio
933 2430 1176 2479 conflagrabat
1220 2433 1406 2479 strepitum
1448 2434 1552 2470 istum
