1719 2649
860 107 910 143 23

232 226 324 263 servi
338 230 376 262 et
395 226 466 272 ipsi
489 228 526 261 et
563 227 683 262 omnia
699 237 790 272 quae
817 226 1040 272 possiderent
1066 229 1128 263 aut
1154 226 1263 262 multo
1290 226 1411 264 labore
1433 237 1542 273 pepe·

231 282 369 325 rissent,
396 290 468 316 non
495 289 559 316 suo
586 281 743 326 ipsorum
777 281 926 319 arbitrio
961 281 1146 328 permissa,
1186 280 1250 317 sed
1284 281 1322 316 in
1362 285 1538 326 potestate

231 336 451 372 dominorum
480 338 608 372 essent.

340 389 465 435 Itaque
501 389 727 434 improbabat
772 390 874 433 alios,
916 391 977 435 qui
1031 390 1227 435 „ejusmodi
1295 399 1397 425 casus
1453 389 1540 425 nihil

230 443 380 488 amplius
407 447 587 486 vocarent,
617 454 724 488 quam
753 443 916 480 damnum
945 454 1057 489 eoque
1085 444 1153 480 sibi
1179 444 1300 489 magni
1326 443 1486 479 homines
1504 447 1541 478 et

230 498 407 543 sapientes
435 498 659 541 viderentur;
691 498 776 543 „qui
804 508 850 534 an
877 499 995 543 magni
1021 500 1267 544 sapientesque
1296 498 1378 541 sint,
1408 497 1539 539 nescio,

231 552 389 588 homines
419 563 490 589 non
517 556 635 589 sunt.“
667 553 815 597 (ibidem
845 554 881 589 3.
911 551 956 588 cf.
981 553 1025 595 V,
1058 551 1140 600 193)
1168 553 1228 589 ubi
1245 553 1429 589 Paulinum
1456 552 1542 588 ami-

230 616 307 641 cum
335 607 497 651 rogabat,
526 610 565 642 ut
579 607 756 642 zosimum
784 606 948 643 libertum
976 616 1075 643 suum
1104 608 1282 652 sanguinis
1316 607 1536 651 exspuitione

229 660 449 697 laborantem
476 662 513 696 in
541 661 699 705 praediis
726 662 916 706 reciperet,
947 662 1028 706 quia
1054 661 1105 697 ibi
1134 666 1197 697 aer
1231 661 1381 697 salubris
1418 665 1456 698 et
1483 661 1539 696 lac

232 715 404 757 ejnsmodi
432 714 672 749 curationibus
701 715 1100 750 accommodatissimum
1137 718 1239 750 esset.
1296 715 1382 758 Quis
1416 715 1537 759 igitur,

229 777 359 804 mores.
381 771 417 804 et
454 768 613 804 instituta
656 768 896 804 Romanorum
937 778 1009 804 non
1049 769 1217 814 ignorans
1259 768 1408 811 dubitet,
1456 768 1540 813 quin

229 822 358 866 magni,
378 822 519 866 excelsi,
534 822 677 858 humani
693 824 801 859 animi
827 823 963 858 Plinius
980 821 1087 859 fuerit
1112 823 1208 867 quod
1231 823 1396 867 opinione
1410 832 1541 867 aequae

228 875 314 911 lium
343 875 387 912 de
415 877 526 913 servis
553 877 747 912 tractandis
773 887 845 913 non
874 877 1063 913 deterritus
1100 877 1251 921 impulsu
1285 880 1421 912 tantum
1455 886 1540 912 suae

229 930 322 966 mitis
349 933 497 967 naturae
524 930 806 976 gubernabatur-3
834 932 954 977 itaque
981 931 1131 967 Paulino
1161 941 1225 967 suo
1254 931 1376 967 scribit
1403 931 1445 976 V,
1478 931 1539 973 19,

236 986 268 1019 1.
302 985 433 1027 „video
462 995 566 1030 quam
592 986 748 1022 molliter
773 990 855 1022 tuos
882 986 1027 1030 habeas,
1056 996 1124 1030 quo
1153 986 1345 1031 simplicius
1373 986 1439 1022 tibi
1458 995 1540 1021 cou-

228 1037 371 1081 fitebor‚
402 1049 472 1084 qua
498 1039 719 1084 indulgentia
745 1050 843 1076 meos
871 1043 1061 1076 tractem.“

337 1093 387 1129 Et
422 1097 563 1138 patrem
597 1093 752 1131 familiae
786 1105 862 1130 rem
896 1094 1107 1131 familiarem
1151 1094 1341 1139 diligenter
1381 1097 1537 1129 tuentem

231 1148 476 1191 cognoscimus
512 1149 664 1184 Plinium
707 1160 751 1185 ex
782 1159 839 1194 ep.
874 1149 939 1192 IX,
982 1150 1046 1185 37.
1112 1149 1329 1193 Quamquam
1370 1148 1463 1184 enim
1500 1148 1538 1183 in

230 1199 410 1237 fruetuum
428 1202 639 1237 vcalamitate
668 1213 831 1246 magnam
858 1203 1083 1248 vectigalium
1111 1207 1248 1246 partem
1264 1203 1338 1246 jam
1354 1202 1540 1237 remiserat

230 1255 382 1299 colonis,
411 1255 450 1292 hi
477 1260 595 1293 tamen
624 1267 685 1294 aes
714 1258 868 1294 alienum
896 1268 934 1294 se
961 1257 1203 1303 persoluturos
1239 1267 1315 1293 esse
1350 1257 1540 1302 desperan-

230 1314 286 1346 tes
317 1311 506 1355 rapiebant
532 1312 851 1357 consumebantque
879 1313 997 1348 omnia
1024 1321 1262 1356 quaecumque
1303 1316 1387 1347 nata
1429 1314 1540 1355 erant,

169 1366 172 1369 ’
230 1364 287 1400 cui
320 1364 448 1401 damno
478 1368 517 1401 ut
553 1365 767 1410 mederetur,
806 1367 976 1412 optimum
1010 1366 1110 1402 duxit
1144 1376 1249 1411 agros
1285 1375 1356 1402 non
1396 1375 1537 1401 nummo

233 1429 367 1462 annuo,
396 1419 460 1455 sed
489 1420 647 1465 partibus
674 1422 780 1457 certis
806 1420 981 1457 fructuum
1009 1421 1119 1456 locari
1147 1419 1192 1457 cf.
1221 1421 1269 1462 X,
1299 1422 1337 1463 8,
1364 1420 1426 1456 ubi
1452 1420 1539 1455 Tra-

226 1473 354 1518 janum
389 1478 494 1518 rogat
528 1479 760 1511 commeatum
794 1476 940 1520 triginta
980 1475 1126 1517 dierum,
1168 1478 1207 1510 ut
1241 1474 1450 1510 utilitatibus
1486 1474 1539 1509 rei

230 1537 316 1564 suae
344 1526 528 1564 familiaris
556 1530 767 1573 consuleret,
793 1530 887 1575 quod
914 1530 982 1565 nisi
1018 1538 1187 1574 praesens
1223 1527 1364 1565 efficere
1400 1532 1537 1574 posset;

228 1581 294 1618 suit
321 1583 413 1619 enim
441 1586 515 1619 tum
545 1585 733 1628 proconsul
760 1584 950 1630 Bithyniae
978 1588 1014 1620 et
1041 1584 1159 1619 Ponti.

339 1637 377 1673 Si
405 1636 555 1683 denique
585 1639 802 1676 verissimum
829 1642 894 1683 est,
923 1638 1019 1685 quod
1053 1638 1129 1684 ipse
1167 1638 1252 1674 dicit
1288 1648 1344 1683 ep.
1376 1637 1439 1682 IV,
1472 1636 1535 1674 27.

711 1686 971 1744 γιγνώσκεων
998 1687 1065 1730 ὅτι

443 1740 642 1788 τοιοῦτός
671 1747 787 1784 ἐστιν
815 1742 958 1796 οἷςπερ
985 1741 1134 1795 ἥδεται
1162 1740 1301 1783 συνών

227 1799 401 1843 conjicere
444 1809 628 1843 possumus
665 1801 709 1837 de
745 1801 888 1846 ingenio
920 1811 967 1837 ‘ac
993 1801 1149 1837 moribus
1178 1800 1283 1836 Plinii
1325 1803 1536 1844 quaerentes

227 1854 287 1898 qui
314 1853 505 1899 qualesque
534 1852 666 1892 fuerint
694 1855 771 1899 viri,
801 1865 948 1901 quorum
976 1855 1227 1893 consuetudine
1246 1854 1421 1891 utebatur.
1451 1854 1533 1891 Jam

227 1918 334 1953 supra
362 1911 633 1945 commemoravi
661 1910 848 1947 nonnullos
876 1911 1022 1958 amicos,
1051 1911 1111 1956 qui
1137 1910 1242 1946 laude
1277 1913 1313 1945 et
1339 1909 1533 1945 studiorum

228 1966 265 1999 et
289 1963 503 2008 integritatis
529 1962 697 2001 florentes
733 1965 885 2001 Plinium
930 1969 969 2002 ut
1004 1965 1250 2002 amicissimum
1286 1974 1356 2000 non
1393 1962 1536 1999 habuis-

227 2021 318 2060 sent,
345 2018 414 2053 nisi
440 2019 495 2054 sui
530 2019 743 2056 simillimum
771 2023 966 2065 putassent.
1022 2020 1152 2056 Addas.
1185 2029 1269 2056 vero
1307 2019 1362 2055 his
1399 2018 1535 2063 Quinti-

227 2072 359 2107 lianum
388 2072 449 2115 VI,
491 2075 554 2117 32,
594 2073 716 2110 Silium
761 2075 922 2110 Italicum
950 2075 1016 2117 111,
1048 2076 1083 2117 7,
1129 2074 1332 2109 Martialem
1369 2073 1435 2115 111,
1469 2074 1532 2109 21.

227 2126 437 2162 Vestricium
483 2127 695 2172 Spurinnam
738 2129 785 2173 II,
831 2131 866 2174 7,
912 2129 978 2170 ΠΙ,
1036 2130 1096 2171 10,
1139 2128 1195 2171 ΙΠ,
1246 2130 1278 2165 1.
1350 2126 1535 2163 Caninium

229 2180 358 2217 Rufum
387 2181 417 2223 1,
449 2184 484 2218 3.
513 2182 559 2225 11,
590 2185 626 2218 8.
658 2183 723 2220 21.
753 2179 831 2227 VII,
872 2184 931 2220 18.
974 2183 1072 2225 VIII,
1111 2184 1146 2217 4.
1201 2183 1344 2217 Arrium
1386 2182 1536 2218 Antoni-

228 2245 310 2270 num
338 2234 380 2279 V,
414 2237 474 2272 15.
503 2235 564 2280 IV,
599 2238 659 2274 18.
698 2237 891 2282 Vergilium
921 2237 1115 2273 Romanum
1144 2236 1205 2279 IV,
1236 2236 1300 2273 21.
1339 2236 1534 2272 Voconium

233 2290 429 2326 Romanum
457 2290 486 2332 I,
517 2291 554 2333 5,
581 2291 637 2334 Ill,
670 2292 729 2335 13,
758 2292 823 2331 VI.
854 2293 916 2334 33,
947 2291 1036 2334 V1u,
1066 2292 1102 2335 8,
1131 2291 1192 2333 lx,
1225 2291 1286 2335 28,
1315 2291 1376 2336 qui
1411 2301 1533 2327 omnes

231 2343 336 2380 laude
364 2344 562 2381 litterarum
589 2343 774 2388 florebant,
804 2348 840 2381 et
867 2345 954 2382 duos
982 2346 1062 2382 illos
1090 2345 1196 2388 viros,
1226 2346 1286 2391 qui
1294 2346 1389 2382 inter
1416 2345 1534 2381 omnia

169 2421 172 2422 ν
229 2399 324 2434 illius
351 2400 486 2435 saeculi
515 2403 723 2435 ornamenta
760 2400 912 2436 maxime
954 2399 1166 2444 eminebant,
1203 2400 1405 2437 Cornelium
1434 2400 1536 2436 Taci-

230 2458 302 2490 tum
329 2453 533 2490 historicum
562 2455 590 2498 I,
623 2455 659 2498 6,
688 2454 717 2498 Ι,
746 2455 809 2491 20.
840 2454 902 2499 IV,
937 2458 997 2501 13,
1029 2452 1092 2500 vl,
1125 2457 1161 2501 9,
1189 2456 1252 2499 VI,
1289 2458 1348 2500 16,
1378 2456 1440 2501 VI,
1470 2456 1534 2500 20,
