1719 2649
856 129 907 166 26

217 245 380 281 laudibus
416 245 519 281 effert
563 248 720 289 eventus,
758 239 846 290 quos
877 243 1073 281 actionibus
1102 247 1181 280 erat
1209 247 1427 287 consecutus,
1465 244 1527 287 VI,

219 299 283 343 29,
313 301 336 336 8
366 309 464 345 sequ.
493 299 531 343 ll,
566 300 636 349 11Ἰ
659 298 716 344 lv,
747 301 783 343 9,
813 299 870 344 Vl,
900 300 963 349 33,
990 297 1051 339 lx,
1076 299 1136 350 l3,
1156 297 1207 351 lll,
1227 299 1262 343 9,
1281 298 1351 335 23:
1380 294 1529 343 „eodem

217 357 363 390 senatus
392 354 553 390 consulto
588 353 763 403 industria
797 352 885 390 fides
923 352 1123 389 constantia
1162 355 1286 388 nostra
1325 352 1529 397 plenissimo

215 407 419 445 testimonio
448 407 681 453 comprobata
708 411 775 451 est,
805 408 947 453 dignum
976 406 1157 452 solumque
1184 414 1252 452 par
1264 406 1420 452 pretium
1436 405 1528 443 tanti

216 462 394 500 laboris“.
452 463 660 507 Eodemque
684 462 766 507 jure
793 460 1089 508 reprehendenda
1116 464 1171 498 est
1197 460 1409 497 niinislaus
1422 459 1528 505 'quam

215 517 282 551 sibi
310 517 445 552 Plinius
472 517 623 561 injunxit
658 521 809 561 propter
843 511 1115 552 munificentiam
1149 515 1186 550 in
1215 515 1404 551 Comenses
1431 514 1459 557 1,
1490 516 1526 553 8.

214 570 370 615 (etiamsi
396 564 488 606 hanc
516 570 658 606 laudem
697 571 799 607 simul
836 577 1005 606 excusare
1032 568 1172 605 studeat
1199 569 1223 606 1.
1252 568 1277 605 l.
1313 568 1390 614 12.)
1431 566 1527 613 quod

215 624 365 661 Classici
389 623 499 660 filiam
528 625 752 661 innocentem
780 624 892 661 libere
930 623 1139 660 defenderat
1164 623 1230 667 111,
1261 623 1297 665 9,
1328 624 1393 666 20,
1432 620 1525 668 quod

214 678 478 714 Artemidorum
534 678 781 724 philosophum
809 673 1034 715 facultatibus
1070 677 1142 713 suis
1168 677 1365 726 adjuvaret,
1392 675 1457 719 111,
1487 674 1523 719 2,

216 732 338 778 „quod
366 732 552 776 Classicus,
596 733 657 779 qui
698 742 720 769 a
747 733 946 779 Pomponia
973 732 1077 769 Galla
1114 734 1234 768 -matre
1263 728 1525 768 exhereditatus

214 787 259 823 ab
287 788 355 824 hoc
383 788 522 832 adjutus
549 787 782 824 hereditatem
810 791 1007 832 receperat,
1061 786 1151 829 „hoc
1184 785 1318 822 factm
1332 785 1525 830 ‘antiquum

213 841 362 877 notabili
389 842 525 878 honore
554 840 786 887 significavit·
833 841 876 884 V,
912 843 945 884 l,
980 843 1040 878 ll.
1081 839 1176 885 quod
1215 842 1385 886 poemata
1411 838 1524 876 Sentii

213 896 389 941 Augurini
415 897 453 932 in
480 906 579 932 suam
606 895 747 932 laudem
783 893 879 932 facta
922 897 1176 932 commemorat
1219 893 1282 936 IV,
1314 893 1377 938 2⁴7,
1430 894 1524 939 quod

212 953 285 985 tam
315 949 424 986 effuse
452 950 641 995 praedicat
668 949 897 995 cupiditatem
924 951 979 986 sui
1006 948 1174 986 audiendi
1200 946 1264 992 lv,
1312 950 1374 991 16,
1426 947 1523 985 deni-

213 1014 281 1049 que
312 1005 409 1049 quod
436 1004 599 1041 effectum
635 1005 841 1050 panegyrici
879 1005 933 1041 sui
967 1005 1069 1040 nimis
1098 1003 1211 1046 effert,
1248 1002 1315 1046 111,
1350 1003 1411 1040 18.
1467 1002 1524 1038 Ea

213 1059 306 1094 enim
335 1062 416 1095 erat
442 1059 595 1095 imbutus
623 1059 811 1101 sententia,
854 1058 988 1096 homini
1014 1058 1102 1095 nihil
1130 1058 1209 1095 dari
1247 1067 1353 1102 posse
1395 1058 1520 1101 majus,

214 1122 318 1157 quam
347 1114 496 1158 gloriam
525 1113 677 1157 laudem,
712 1113 964 1151 aeternitatem·
988 1112 1034 1151 cf.
1063 1112 1128 1158 111,
1157 1114 1220 1157 21,
1268 1114 1304 1157 6,
1345 1111 1403 1147 hic
1445 1115 1524 1148 erat

212 1166 292 1203 finis
319 1178 422 1212 quem
458 1167 617 1204 omnibus
645 1168 718 1203 suis
745 1168 881 1210 studiis,
910 1168 1103 1210 laboribus,
1132 1166 1415 1203 contentionibus
1440 1175 1523 1210 pro—

211 1225 393 1265 posuerat.
450 1221 522 1258 Sed
550 1222 593 1257 de
622 1221 676 1257 his
704 1222 812 1257 animi
840 1222 1019 1259 erroribus
1048 1221 1155 1258 Plinii
1182 1221 1299 1257 mitius
1325 1229 1369 1258 ac.
1409 1220 1523 1256 lenius

213 1285 290 1311 esse
312 1276 542 1319 judicandum
568 1285 708 1312 censeo.
767 1275 951 1320 Respicias
968 1276 1074 1312 -enim
1101 1275 1218 1319 velim,
1266 1274 1425 1311 omnibus
1460 1274 1523 1311 ho-

213 1328 365 1365 minibus
393 1333 430 1365 et
458 1330 600 1374 optimis
629 1329 824 1375 quibusque
852 1331 1009 1366 innatum
1055 1339 1131 1366 esse
1171 1329 1345 1374 quendam
1386 1328 1521 1373 gloriae

212 1384 411 1428 appetitum
440 1387 477 1424 et
504 1383 734 1429 cupiditatem
763 1394 801 1420 se
829 1383 1036 1429 proferendi
1074 1384 1240 1428 aliosque*
1270 1384 1522 1428 competitores

210 1439 416 1482 superandi,
454 1438 550 1483 quod
576 1439 607 1473 si
634 1439 685 1474 ita
713 1448 784 1474 non
813 1443 916 1483 esset,
951 1449 1054 1475 nemo
1083 1448 1235 1483 unquam
1264 1439 1337 1474 ullo
1372 1441 1521 1474 naturae

210 1492 365 1537 impulsu
393 1492 641 1535 adduceretur,
681 1496 720 1528 ut
747 1492 880 1537 aliquid
907 1493 1037 1529 bonum
1065 1493 1214 1537 insigne,
1244 1492 1348 1528 laude
1376 1492 1518 1537 dignum

209 1546 383 1590 perficere
412 1547 535 1589 vellet;
578 1556 687 1591 porro
715 1556 799 1582 vero
828 1548 1027 1583 intueamur
1054 1548 1209 1583 rationes
1239 1551 1274 1582 et
1309 1548 1520 1592 temporum,

209 1605 246 1636 et
272 1601 366 1637 vitae
395 1604 431 1636 ct
459 1600 681 1643 conditionis,
711 1601 836 1645 quibus
865 1602 1010 1646 quisque
1039 1603 1158 1645 utitur,
1188 1604 1224 1637 et
1246 1601 1517 1644 meminerimus,

209 1654 343 1690 nullum
372 1655 550 1690 hominem
579 1665 656 1691 esse
686 1655 846 1691 omnibus
885 1656 977 1691 vitiis
1016 1656 1072 1692 vel
1109 1655 1289 1691 erroribus
1323 1659 1519 1697 vacantem,

209 1708 428 1753 eundemque
456 1709 513 1744 vel
541 1709 696 1745 secundo
724 1709 886 1745 laborum
915 1712 1041 1746 eventu
1069 1710 1125 1746 vel
1152 1709 1333 1746 blanditiis
1368 1709 1416 1745 ad
1448 1720 1519 1745 ma·

202 1764 317 1807 jorem
355 1763 489 1808 gloriae
517 1763 767 1809 adipiscendae
815 1764 965 1808 gloriam
1002 1765 1156 1809 impelli3
1198 1767 1274 1800 tum
1313 1764 1352 1800 hi
1380 1774 1520 1801 errores

210 1817 316 1853 Plinii
343 1819 497 1853 minores
525 1817 747 1861 videbuntur,
780 1827 885 1864 quam
913 1829 935 1854 a
962 1819 1081 1855 multis
1109 1819 1244 1864 reperti
1272 1822 1365 1856 sunt.
1422 1818 1521 1855 Vixit

206 1875 323 1907 autem
353 1872 488 1908 Plinius
516 1872 745 1917 temporibus,
787 1882 879 1917 quae
907 1873 1104 1910 litterarum
1142 1874 1268 1910 studiis
1308 1873 1414 1909 modo
1457 1884 1519 1919 op-

205 1930 368 1970 portuna,
396 1926 502 1963 modo
531 1925 672 1970 infesta,
702 1930 883 1971 postremo
911 1937 995 1964 vero
1025 1927 1389 1964 accommodatissima
1405 1932 1518 1973 erant,

206 1980 331 2025 quibus
360 1981 455 2016 omni
482 1980 652 2017 facultate
681 1985 718 2017 et
745 1982 930 2017 occasione
958 1983 1135 2027 adempta,
1166 1982 1221 2019 vel
1246 1981 1348 2018 bellis
1363 1983 1516 2019 secundo

204 2034 322 2070 Marte
351 2035 459 2078 gestis
486 2035 542 2071 vel
570 2035 761 2080 provinciis
788 2036 970 2080 sapienter
1002 2038 1167 2082 justeque
1205 2036 1409 2081 gubernatis
1451 2037 1517 2073 ali-

206 2098 311 2132 quam
331 2088 488 2132 ‘gloriam
516 2089 746 2134 adipiscendi,
786 2089 851 2125 hos
879 2090 973 2126 enim
1009 2101 1129 2127 omnes
1171 2091 1329 2127 honores>
1364 2092 1517 2136 impera-

204 2147 300 2177 tores
328 2143 395 2178 sibi
422 2143 655 2185 vindicarent,
698 2143 831 2179 civibus
874 2144 1030 2180 honestis
1070 2144 1159 2181 nihil
1201 2148 1399 2190 supererat,
1446 2155 1515 2189 quo

203 2200 430 2239 praestarent
456 2197 536 2232 aliis
563 2198 630 2233 nisi
666 2198 809 2233 litterae
856 2201 892 2234 et
933 2198 1135 2243 eloquentia
1177 2198 1340 2236 forensis.
1397 2198 1515 2243 Quid?

202 2259 286 2285 num
314 2251 414 2294 pravi
443 2252 553 2287 animi
582 2255 646 2294 est,
675 2252 814 2288 laetitia
840 2251 945 2295 affici,
975 2255 1131 2298 quamvis
1154 2253 1249 2289 ultra
1276 2253 1419 2290 modum
1432 2263 1514 2298 pro-

201 2303 395 2346 grediatur,
444 2305 487 2340 de
528 2306 681 2341 secundo
719 2310 894 2349 proventu
935 2307 1129 2342 studiorum
1172 2311 1209 2342 et
1249 2307 1514 2343 contentionum

202 2357 392 2392 dummodo
422 2367 464 2393 ea
490 2358 569 2395 aliis
597 2359 773 2395 dammum
801 2370 876 2396 non.
899 2358 1058 2396 inferat?
1100 2361 1192 2406 Quin
1222 2361 1330 2397 etiam
1359 2361 1513 2406 credam,

200 2409 279 2446 fieri
305 2411 473 2456 potuisse,
515 2417 554 2449 ut
581 2414 643 2450 alii
671 2424 716 2450 ex
744 2414 822 2459 ipsa
864 2414 1011 2458 laetitia,
1056 2425 1126 2461 qua
1166 2414 1330 2452 affectum
1359 2416 1512 2453 Plinium

201 2465 379 2508 videbant,
409 2467 456 2502 ad
483 2469 635 2512 majores
650 2470 892 2505 contentiones
906 2470 1152 2507 incitarentur.
1212 2470 1363 2507 Tantum
1391 2473 1510 2508 autem
