1719 2649
787 102 809 139 6

151 229 264 262 versa,
292 222 471 263 postremo
499 219 738 256 obliviscenda
766 222 878 266 magis
907 230 1012 265 quam
1039 221 1215 256 tenenda“
1248 222 1359 267 (VIII,
1400 225 1461 267 14,

154 273 205 319 7),
234 283 306 308 11011
335 276 390 309 est
416 273 626 318 mirandum,
654 274 807 311 Plinium
835 285 905 311 non
932 278 1005 310 tam
1033 275 1228 319 patientem
1265 275 1388 318 fuisse,
1422 279 1463 313 ut

150 328 319 364 voluisset
347 328 495 372 discere,
534 330 628 373 quod
665 330 701 365 in
729 341 794 366 usu
821 340 892 366 non
920 332 1014 366 esset
1042 329 1225 367 habiturus
1252 331 1335 373 (loc.
1364 330 1459 368 laud.

154 381 207 428 3.)
236 381 299 417 sed
326 382 420 417 inter
447 384 633 427 strepitum
662 394 839 420 armorum
867 384 1089 429 Euphratem
1129 387 1165 419 et
1192 384 1461 421 Artemidorum

151 436 393 481 philosophos,
451 437 494 473 de
536 438 660 482 quibus
699 440 774 483 jam
819 449 927 484 supra
968 438 1181 475 mentionem
1225 438 1306 482 feci,
1359 436 1463 485 se'qui

151 492 315 526 maluisse
345 491 415 537 (Ill,
460 493 521 534 11,
564 494 628 539 5.).
686 494 759 530 Ubi
794 505 879 530 vero
915 494 1065 529 Romam
1096 493 1215 536 rediit,
1252 503 1461 539 quamquam

152 546 186 581 ei
213 546 357 582 uberior
383 556 465 590 spes
491 548 645 591 majores
672 548 825 584 honores
861 547 1031 593 perfacile
1074 548 1284 593 assequendi
1318 548 1460 591 affulsit,

152 611 217 636 nec
244 601 346 636 initio
382 599 484 637 favor
519 605 555 638 et
588 603 704 647 gratia
741 604 935 639 Domitiani
972 601 1095 645 defuit,
1132 604 1191 649 qui
1227 603 1274 639 ad
1308 603 1461 639 honores

151 664 231 690 eum
260 656 449 699 promovit,
478 656 525 690 ad
559 657 776 692 tribunatum
810 657 924 701 plebis
953 657 998 701 (Ι,
1038 654 1118 703 23,)
1156 657 1202 692 ad
1237 661 1461 701 quaesturam

153 708 317 745 Caesaris
346 709 421 751 VII,
457 711 518 752 16,
549 710 602 756 2,)
631 711 676 747 ad
705 714 909 756 praeturam
937 710 1038 756 (ibid.
1068 714 1105 746 et
1131 711 1185 753 lll,
1219 713 1280 754 11,
1303 712 1357 757 2,)
1386 711 1462 756 qui-

151 764 216 799 bus
243 764 507 808 magistratibus
533 768 606 800 tam
635 766 800 810 religiose
829 769 883 801 est
910 763 1126 810 perfunctus,
1155 768 1194 800 ut
1234 769 1400 808 „senatus
1427 765 1462 800 ei

152 818 189 853 in
231 818 412 853 tribunatu
459 818 599 863 quietis,
643 820 679 855 in
707 823 876 864 praetura
918 819 1113 856 modestiae
1158 822 1194 856 et
1233 821 1269 856 in
1310 823 1461 864 utroque

152 883 297 908 munere
326 883 345 908 e
383 873 507 908 studiis
540 874 636 910 circa
672 875 821 910 tuendos
858 875 973 910 socios
1009 875 1227 910 constantiae
1263 874 1462 919 antiquissi-

152 937 246 962 mum
282 928 520 962 testimonium
561 928 789 972 perhiberet“
829 930 959 973 (paneg
997 927 1093 972 95.),
1135 931 1254 963 tamen
1287 928 1377 964 haec
1409 928 1463 963 in-

153 981 247 1017 dicia
276 981 427 1017 eximiae
455 981 724 1018 benevolentiae
752 983 976 1027 imperatoris
1002 982 1155 1018 Plinium
1189 982 1356 1018 inducere
1391 992 1462 1018 non

152 1040 357 1081 potuerunt,
386 1040 425 1071 ut
452 1037 629 1073 rationum
658 1042 694 1074 et
720 1038 981 1074 institutionum
1005 1038 1176 1081 pristinae
1204 1046 1288 1073 suae
1324 1038 1462 1073 virtutis

153 1091 282 1126 oblitus
318 1091 474 1126 consiliis
509 1092 679 1137 principis
713 1092 916 1137 nequissimi
950 1090 1174 1136 perficiendis
1207 1102 1246 1128 se
1279 1091 1462 1135 indulgen-

151 1148 224 1181 tem
250 1145 448 1181 ministrum
475 1146 676 1190 praeberet.
718 1147 831 1191 Quam
860 1147 905 1183 ob
933 1157 1020 1188 rem,
1049 1157 1154 1191 quum
1181 1157 1239 1182 res
1265 1147 1316 1182 ita.
1332 1150 1461 1188 essent,

153 1203 193 1235 ut
245 1201 407 1243 „sincera
441 1199 529 1236 fides
572 1202 869 1246 integerrimaque
907 1201 1024 1236 studia
1058 1201 1217 1245 periculo
1255 1201 1457 1244 darentur,“

152 1257 193 1289 ut
233 1255 325 1298 ..jam
362 1254 500 1298 pridem
533 1265 604 1291 non
639 1256 777 1291 minora
804 1255 964 1301 pracmia
991 1255 1097 1290 immo
1133 1256 1270 1300 majora
1305 1255 1463 1300 nequitia

153 1314 190 1344 et
216 1309 437 1353 improbitas,
467 1320 572 1354 quam
606 1310 724 1354 pudor
761 1313 798 1345 et
833 1307 945 1346 virtus
981 1309 1191 1353 haberent“,
1225 1310 1263 1352 ll,
1302 1310 1366 1352 20,
1399 1309 1462 1351 12,

152 1366 191 1398 ut
223 1364 398 1407 „suspiria
425 1364 505 1407 ipsa
533 1364 838 1400 subscriberentur
865 1367 904 1399 ut
931 1373 1055 1399 saevus
1083 1364 1143 1398 ille
1169 1364 1362 1399 Domitiani
1390 1363 1463 1398 vul-

152 1420 208 1453 tus
252 1417 463 1453 denotandis
510 1420 564 1453 tot
599 1418 800 1454 hominibus
845 1417 1042 1462 palloribus
1079 1416 1294 1459 sufficeret“‚
1334 1417 1462 1463 (Tacit.

153 1471 264 1517 Agric
294 1470 360 1519 32)
390 1472 708 1517 quumquePlinius
732 1474 808 1517 ipse
837 1472 976 1508 videret
1003 1472 1077 1514 illa,
1107 1482 1196 1516 quae
1212 1473 1277 1508 viri
1297 1473 1463 1508 innocen-

154 1526 279 1562 tissimi
308 1529 343 1561 et
379 1526 625 1570 honestissimi,
660 1527 844 1563 Helvidius
880 1524 952 1575 (ep.
991 1527 1051 1568 IX,
1093 1527 1155 1569 13,
1191 1527 1303 1570 Tacit,
1339 1526 1462 1571 Agric.

155 1582 220 1623 45,
250 1580 382 1616 Sueton
412 1577 546 1618 Domit.
581 1582 645 1627 10)
674 1582 866 1623 Mauricus,
897 1581 1025 1626 (Tacit.
1044 1580 1165 1625 Agric.
1187 1581 1254 1628 45)
1283 1581 1460 1623 Rusticus,

154 1635 282 1680 (Tacit.
313 1635 337 1671 1.
368 1636 465 1682 eod.)
494 1635 642 1672 Senecio
672 1636 711 1681 (1,
743 1637 779 1679 5,
812 1637 833 1672 3
865 1639 901 1671 et
927 1636 1029 1671 Tacit
1056 1635 1136 1672 eod.
1153 1636 1193 1679 1.)
1215 1636 1310 1680 passi
1326 1639 1456 1677 essent;

154 1690 199 1725 ab
229 1690 323 1725 omni
352 1695 454 1734 parte
481 1690 699 1735 reipublicae
728 1690 1028 1725 administrandae
1066 1699 1103 1724 se
1140 1689 1315 1725 subtraxit
1353 1699 1459 1733 seque

154 1744 200 1779 ad
228 1743 380 1779 studium
408 1744 608 1780 litterarum
624 1744 855 1788 ingenuarum
874 1743 1035 1786 contulit,
1069 1753 1182 1788 ..quae
1199 1753 1278 1780 eum
1296 1744 1459 1785 maxime,

154 1799 243 1834 sicut
264 1800 342 1842 jam
370 1808 392 1834 a
420 1799 587 1843 pueritia,
617 1798 852 1834 delectabant.
881 1799 1022 1842 (paneg.
1056 1799 1135 1843 95.)

262 1852 311 1888 Et
355 1857 505 1898 propter
539 1853 606 1888 hoc
652 1853 762 1889 otium
801 1853 1005 1889 Domitiano
1037 1853 1106 1897 ipsi
1147 1853 1183 1887 in
1226 1851 1460 1896 suspicionem

152 1908 249 1943 venit
275 1907 422 1951 Plinius,
451 1909 548 1953 cnjus
570 1908 754 1943 iracundia
780 1907 855 1943 sihe
887 1906 993 1942 dubio
1021 1916 1102 1942 mox
1140 1915 1328 1951 oppressus
1355 1907 1459 1947 esset,

153 1972 235 1997 nam
266 1964 327 2006 „in
354 1963 482 1999 scrinio
510 1963 735 2007 imperatoris
765 1962 867 1997 datus
894 1971 917 1996 a
944 1961 1056 1997 Metio
1085 1961 1176 1996 Caro
1206 1961 1249 1996 de
1277 1960 1338 1996 illo
1361 1959 1462 1995 libel-

153 2016 209 2051 lus
235 2018 396 2053 inventus
425 2019 527 2053 erat“
558 2015 603 2053 cf.
622 2017 694 2060 Vll,
716 2017 780 2059 27,
813 2018 875 2059 14,
904 2016 971 2050 nisi
999 2025 1093 2051 mors
1112 2015 1305 2051 Domitiani
1332 2024 1461 2060 perop-

152 2076 307 2116 portuna
334 2071 402 2108 hoc
430 2072 564 2108 instans
590 2072 786 2117 periculum
815 2070 1016 2116 depulisset.

262 2127 338 2164 Nec
361 2127 436 2170 Jam
463 2127 603 2171 ignavia
628 2127 685 2162 vel
712 2126 902 2162 timiditate
930 2128 1127 2169 permotum
1153 2124 1306 2160 Plinium
1341 2121 1460 2165 fuisse,

152 2187 192 2221 ut
219 2182 329 2219 otium
366 2181 568 2217 muneribus
595 2181 745 2226 publicis
785 2178 997 2226 praeferret,
1034 2190 1078 2216 ex
1112 2189 1155 2216 eo
1191 2178 1277 2215 satis
1311 2177 1462 2222 intelligi

153 2240 285 2285 potest,
315 2236 410 2283 quod
438 2246 551 2281 neque
580 2236 643 2271 sub
672 2232 882 2273 Domitiano
911 2236 1080 2279 angustiis
1108 2234 1299 2269 amicorum
1336 2230 1459 2275 defuit,

153 2302 302 2339 quorum
329 2293 366 2328 in
393 2291 508 2326 causis
535 2290 694 2332 multum,
736 2292 952 2331 constanter,
1008 2298 1178 2334 prospere
1214 2289 1374 2323 versatus
1408 2289 1462 2322 est

154 2351 203 2391 et,
232 2357 339 2393 quum
366 2345 428 2381 illo
457 2345 572 2381 occiso
612 2344 675 2380 sub
711 2353 951 2380 successorum
984 2343 1134 2388 imperio
1169 2342 1267 2377 salva
1302 2340 1462 2377 omnibus

153 2403 228 2438 vita
256 2405 292 2438 et
320 2400 474 2445 dignitas
502 2399 597 2434 vitae
626 2402 719 2434 esset
748 2408 838 2441 „nec
862 2399 938 2442 jam
973 2397 1213 2434 consideratus
1251 2398 1287 2430 et
1320 2396 1462 2439 sapiens

154 2454 347 2499 videretur,
384 2455 445 2500 qui
478 2456 633 2490 aetatem
666 2454 703 2489 in
739 2453 895 2489 tenebris
938 2454 1084 2497 ageret“
1129 2449 1270 2500 (paneg.
1307 2450 1387 2495 44),
1424 2448 1462 2485 in
