1719 2649
842 100 893 137 36

211 221 301 257 nihil
331 230 351 256 e
393 218 558 256 libertate
601 219 689 256 nihil
730 219 837 256 etiam
866 228 886 255 e
915 217 1111 263 jactatione
1150 217 1382 263 decerperet“
1426 219 1524 263 VIII,

217 277 279 319 34,
308 276 345 311 3.
401 273 507 311 Absit
534 274 715 321 superbia,
744 274 929 318 asperitas,
985 272 1063 308 Nee
1090 271 1248 308 timueris
1276 273 1526 318 contemptum«.

215 329 275 365 An
304 329 550 371 contemnitur,
580 329 639 373 qui
666 328 863 372 imperium,
893 328 952 373 qui
987 325 1102 362 fasces
1136 326 1245 363 habet
1285 328 1353 364 nisi
1387 328 1526 365 humilis

215 388 251 421 et
279 383 441 420 sordidus
470 388 507 419 et
535 383 595 428 qui
623 393 661 418 se
687 383 766 427 ipse
795 384 946 427 primum
975 381 1195 417 contemnit?
1223 381 1321 418 Male
1344 383 1414 419 vim
1428 392 1526 419 suam

213 441 371 484 potestas
401 438 551 475 aliorum
580 438 803 473 contumeliis
832 438 1022 482 experitur,
1049 436 1142 471 male
1170 439 1308 473 terrore
1344 434 1526 474 veneratio

215 493 413 539 adquiritur
442 493 617 537 longeque
644 491 820 529 valentior
848 502 948 528 amor
976 491 1022 527 ad
1052 490 1279 527 obtinendum
1309 492 1404 537 quod
1439 493 1527 530 velis

216 558 321 594 quam
349 548 467 585 timor.
525 547 618 583 Nam
647 547 753 583 timor
790 547 875 592 abit,
921 548 950 583 si
985 546 1142 590 recedaS‚
1188 555 1286 582 amor
1314 550 1443 592 manet,
1485 557 1528 583 ac

216 603 307 638 sicut
334 602 395 638 ille
424 604 460 638 in
489 602 620 645 odium,
650 602 707 637 hie
735 603 772 637 in
800 601 1035 638 reverentiam
1064 601 1245 637 vertitur.“
1285 598 1430 647 (ibidem
1460 601 1526 648 6.).

216 657 344 693 Nonne
373 656 441 693 hae
470 657 666 692 sententiae
695 660 776 692 sunt
804 657 942 702 dignae,
970 655 1094 701 quibus
1122 664 1241 691 omnes
1266 656 1416 700 quusvis
1452 666 1528 693 sae·

217 711 287 747 culi
314 711 396 754 viri,
427 711 551 757 quibus
578 722 698 747 retum
726 711 949 755 publicarum
978 711 1236 746 administratio
1257 711 1443 747 commissa
1462 714 1526 755 est,

215 765 385 802 utantur?

327 819 381 856 Ac
409 820 439 856 si
467 819 557 855 haee
585 830 675 865 quae
705 820 748 856 de
777 820 849 857 vita
878 820 1018 865 ingenio
1053 819 1208 855 moribus
1240 820 1347 869 Plinii
1384 829 1527 856 enarra-

217 875 330 911 vimus
380 875 586 920 reliquaque
629 875 746 910 omnia
798 884 889 920 quae
934 875 980 910 ad
1024 874 1166 910 laudem
1211 874 1286 918 ejus
1330 874 1527 920 augendam

217 930 369 974 amplius
396 928 551 974 proferri
578 933 735 974 possunt,
765 940 858 973 „uno
887 929 983 966 velut
1009 927 1104 965 fasce
1134 929 1422 974 complectimur“
1444 929 1525 976 (III,

220 986 255 1028 9,
288 985 341 1030 9),
370 985 459 1020 illud
485 985 522 1020 in
550 994 685 1019 summa
713 985 841 1020 dixisse
870 983 1029 1028 sufficiet,
1056 985 1155 1019 illum
1183 985 1295 1020 virum
1324 985 1527 1021 excellentis

220 1039 354 1083 ingenii
381 1038 621 1083 magnitudine
651 1042 813 1074 ornatum
843 1043 880 1075 et
907 1038 1216 1084 praestantissimis
1251 1039 1383 1084 ingenii
1419 1038 1526 1076 facul-

219 1093 352 1130 tatibus
380 1094 581 1139 praeditum
609 1093 714 1129 laude
742 1094 979 1137 liberalitatis,
1010 1095 1197 1136 comitatis,
1227 1094 1446 1135 clementiae,
1475 1095 1526 1130 in-

220 1149 399 1192 tegritatis
427 1149 532 1191 vitae,
562 1149 749 1183 sanctitate
777 1158 925 1191 morum,
956 1147 1039 1183 fidei
1075 1158 1160 1192 erga
1188 1148 1331 1191 amicos,
1367 1151 1528 1184 constan-

218 1202 291 1238 tiae
319 1202 356 1237 in
385 1212 520 1238 summa
548 1202 655 1239 etiam
683 1206 882 1248 temporum
910 1203 1106 1249 iniquitate,
1149 1213 1304 1240 summae
1332 1203 1526 1240 honestatis

219 1258 434 1303 pietatisque
464 1268 550 1302 erga
578 1258 663 1294 deos
689 1257 859 1302 floruisse,
887 1260 1076 1294 maximam
1114 1258 1382 1294 admirationem
1418 1259 1527 1294 actio-

219 1312 322 1347 nibus
361 1316 397 1348 et
434 1312 587 1347 libenter
628 1313 798 1356 susceptis
837 1316 872 1349 et
906 1314 1112 1358 plerumque
1153 1323 1323 1358 prospere
1360 1313 1526 1358 peractis,

220 1366 379 1411 epistolis
408 1367 626 1403 orationibus
655 1367 802 1412 aliisque
831 1368 971 1413 scriptis
999 1378 1089 1412 quae
1125 1371 1164 1403 ut
1199 1366 1268 1403 fide
1305 1370 1341 1403 et
1374 1369 1524 1404 veritate

218 1421 381 1465 insignia,
409 1422 461 1457 ita
488 1421 692 1457 beatissima
720 1422 914 1458 subtilitate
943 1426 978 1458 et
1006 1422 1137 1467 ingenii
1165 1421 1326 1458 ubertate
1364 1421 1525 1458 confecta

220 1479 311 1518 sunt,
343 1486 412 1511 non
441 1476 555 1512 solum
583 1476 783 1521 aequalium
812 1477 876 1513 sed
904 1478 1012 1513 etiam
1039 1480 1260 1522 posterorum
1289 1477 1356 1513 sibi
1384 1487 1526 1523 compa-

218 1531 351 1566 ravisse
382 1531 532 1576 denique
561 1541 605 1567 ex
634 1532 728 1567 omni
763 1535 866 1576 parte
901 1532 1043 1576 dignum
1080 1542 1166 1576 esse,
1209 1532 1269 1576 qui
1310 1533 1451 1567 summis
1488 1535 1525 1568 et

218 1585 460 1621 illustrissimis
489 1586 574 1622 viris
602 1586 861 1631 adnumeretur,
891 1597 1039 1633 quorum
1064 1587 1235 1624 memoria
1261 1587 1395 1624 tamdiu
1422 1586 1525 1624 flore-

218 1639 280 1682 bit,
310 1640 476 1685 quamdiu
502 1640 644 1677 litterae
671 1640 856 1679 florebunt.
