1719 2649
873 118 924 155 34

246 232 423 283 „priscum
451 234 653 271 mortalium
689 235 817 270 bonum
857 235 1061 276 amicitiam,
1105 234 1201 278 cujus
1243 234 1279 269 in
1324 232 1441 269 locum
1493 232 1559 270 sub

241 288 342 324 malis
369 288 588 334 principibus
617 289 886 333 assentationes,
915 288 1109 325 blanditiae
1138 291 1175 324 et
1201 289 1304 333 pejor
1326 288 1408 324 odio
1427 290 1561 324 amoris

239 343 416 379 simulatio
443 345 694 388 migraverant,
737 343 929 379 reduxerat
975 342 1118 389 (paneg.
1152 342 1234 385 85),
1286 342 1381 386 quod
1410 342 1560 378 delatio-

240 396 342 433 nibus
369 398 534 434 coercitis
563 397 849 442 delatoribusque
877 397 1034 434 multatis
1070 399 1106 432 et
1142 396 1289 432 remotis
1327 397 1489 441 justitiae
1524 400 1560 432 et

240 452 411 497 aequitati
438 452 624 497 pristinam
653 453 900 489 auctoritatem
927 452 1132 490 restituerat
1159 454 1195 487 et
1224 451 1422 493 sanctitate,
1454 451 1559 486 casti-

239 509 325 549 tate,
353 507 558 551 integritate
588 508 681 543 vitae
710 507 939 543 clarissimum
967 506 1108 543 vivendi
1124 507 1320 551 exemplum
1338 505 1557 551 praebebat:

240 559 488 603 „manifestum
537 562 631 597 enim
671 565 735 606 est,
782 562 979 607 principum
1021 561 1243 605 disciplinam
1282 570 1411 605 capere
1448 560 1557 595 etiam

237 615 372 660 vulgus,
402 626 508 660 quum
537 626 613 651 rem
642 617 671 651 si
699 616 745 651 ab
773 627 842 652 uno
871 615 934 652 fiat
961 616 1217 652 severissimam
1238 614 1388 650 fecerint
1404 617 1550 650 omnes*

236 679 354 714 paneg
390 671 459 713 463
497 670 647 714 denique
684 671 778 714 quod
818 671 992 706 rationem
1033 669 1239 706 reddiderat
1276 669 1320 704 de
1357 668 1553 713 sumptibus

235 733 355 768 paneg
383 725 435 759 20
465 727 557 761 extr.
585 724 796 768 „adsuescat
833 726 1027 769 imperator
1074 734 1152 759 cum
1190 724 1339 767 imperio
1379 723 1553 757 calculum

235 787 388 821 ponere:
424 778 475 813 sic
504 781 619 820 exeat,
660 779 710 813 sic
738 778 874 820 redeat,
921 782 1088 823 tanquam
1127 777 1300 813 rationem
1336 776 1552 820 redditurus,

238 830 356 867 edicat
383 831 468 877 quid
496 832 742 877 absumpserit.
800 832 856 868 Ita
883 831 945 868 fiet
973 835 1012 868 ut
1049 842 1119 868 non
1160 831 1321 868 absumat
1350 831 1445 876 quod
1484 842 1548 875 pu-

237 885 322 922 deat
350 886 481 922 dicere.
540 887 735 922 Praeterea
763 887 943 931 principes
970 886 1079 922 futuri
1115 886 1224 922 velint
1260 886 1374 921 nolint
1413 884 1544 922 sciant:

238 941 352 983 „tanti
380 943 544 976 constat“
575 940 857 985 praepositisque
886 941 1021 976 duobus
1050 940 1219 985 exemplis
1248 940 1471 976 meminerint
1486 949 1547 984 pe-

233 994 335 1030 rinde
365 996 604 1039 conjecturam
632 994 676 1030 de
705 995 861 1030 moribus
889 996 959 1030 suis
988 996 1148 1032 homines
1177 1004 1254 1031 esse
1270 993 1426 1030 facturos
1439 997 1548 1039 prout

234 1048 302 1085 hoc
331 1049 388 1085 vel
416 1049 503 1085 illud
532 1049 742 1094 elegerint“.
801 1050 927 1085 Nonne
956 1049 1060 1085 facile
1098 1053 1152 1085 est
1186 1050 1340 1093 cognitu,
1383 1058 1547 1093 magnam

234 1103 496 1139 similitudinem
526 1113 603 1139 esse
631 1104 724 1139 inter
752 1113 806 1145 ea,
854 1113 943 1148 quae
972 1104 1106 1139 Plinius
1143 1103 1226 1139 boni
1263 1102 1432 1147 principis
1470 1112 1545 1138 esse

235 1156 321 1193 dicit
349 1161 386 1193 et
413 1168 456 1194 ea
484 1168 574 1203 quae
613 1161 734 1194 nostra
772 1161 871 1194 aetas
906 1168 928 1194 a
961 1158 1044 1194 viris
1079 1158 1239 1193 civitates
1273 1156 1547 1202 gubernantibus

234 1212 355 1257 utique
385 1212 527 1256 poscit?
569 1213 682 1256 Quam
710 1213 938 1248 memorabile
976 1214 1082 1249 illud:
1120 1211 1285 1257 „Ecquid
1320 1221 1406 1256 ergo
1443 1211 1546 1246 disci-

233 1276 310 1301 mus
339 1267 595 1311 experimento,
638 1265 842 1302 fidissimam
870 1267 1064 1303 custodiam
1102 1264 1273 1311 principis
1300 1266 1408 1310 ipsius
1447 1266 1547 1300 inno-

232 1321 398 1356 centiam.
443 1321 543 1356 Haec
572 1331 636 1356 arx
664 1321 857 1363 inaccessa,
887 1321 954 1357 hoc
983 1320 1256 1366 inexpugnabile
1280 1320 1542 1361 munimentum,

230 1375 448 1411 munimento
491 1385 562 1410 non
602 1384 719 1419 egere.
776 1375 807 1410 F
808 1379 925 1411 rustra
962 1386 1005 1411 se
1042 1380 1179 1411 terrore
1222 1374 1444 1416 succinxerit,
1487 1374 1547 1417 qui

230 1432 350 1473 septus
379 1429 530 1465 caritate
559 1439 631 1464 non
658 1427 781 1472 fuerit;
813 1430 919 1465 armis
949 1431 1040 1465 enim
1071 1439 1169 1465 arma
1185 1429 1399 1466 invitantur‘·
1427 1438 1545 1473 paneg

231 1484 295 1527 49,
325 1487 362 1519 et
391 1485 461 1519 alio
490 1484 590 1520 loco:
629 1487 845 1529 „praeterea
881 1488 920 1520 ut
960 1485 1104 1529 quisque
1139 1483 1252 1519 factus
1291 1487 1345 1519 est
1379 1483 1544 1528 princeps

229 1538 409 1581 extemplo
437 1537 533 1573 fama
562 1539 647 1581 ejuS‚
686 1539 858 1574 incertum
887 1539 979 1574 bona
1009 1548 1053 1574 an
1082 1539 1176 1573 mala
1205 1541 1362 1572 ceterum
1398 1541 1544 1573 aeterna

228 1595 293 1629 est.
351 1592 432 1627 Non
462 1601 547 1636 ergo
575 1596 750 1636 perpetua
778 1593 931 1638 principi
972 1592 1066 1629 fama
1104 1602 1193 1638 quae
1228 1592 1374 1628 invitum
1410 1595 1541 1633 manet,

228 1646 292 1682 sed
319 1646 414 1682 bona
441 1647 725 1690 concupiscenda
752 1650 817 1688 est,
854 1657 898 1682 ea
924 1658 1032 1691 porro
1061 1658 1131 1682 non
1159 1646 1368 1690 imaginibus
1404 1649 1441 1681 et
1475 1649 1544 1680 sta-

229 1701 299 1735 tuis
328 1700 391 1735 sed
421 1700 551 1735 virtute
579 1710 621 1734 ac
651 1701 785 1735 meritis
813 1704 1053 1744 prorogatur“
1085 1711 1202 1744 paneg
1232 1701 1280 1734 55
1313 1702 1403 1735 extr.
1448 1699 1542 1734 Num

228 1745 307 1789 alii's
336 1753 454 1789 verbis
482 1754 602 1789 odium
631 1757 668 1790 et
694 1755 908 1798 pravitatem
937 1756 1111 1791 malorum
1145 1754 1344 1800 principum
1381 1753 1542 1789 acerbius

228 1808 405 1851 castigare
433 1808 578 1851 potuit?
613 1809 670 1842 Ex
706 1809 760 1843 his
799 1819 883 1844 vero
914 1810 1062 1854 aliisque
1098 1810 1186 1845 locis
1221 1808 1428 1853 panegyrici
1462 1818 1543 1852 per-

226 1862 347 1905 spicue
378 1865 529 1906 apparet
556 1861 709 1897 Plinium
737 1862 912 1898 libertatis
940 1865 1070 1899 veten's
1109 1863 1300 1899 communis
1328 1862 1537 1898 acerrimum

227 1913 454 1952 defensorum
483 1919 520 1952 et
549 1916 648 1961 quasi
676 1921 974 1962 propugnatorem
988 1917 1094 1954 fuisse
1113 1929 1178 1954 nec
1194 1918 1349 1959 desiisse,
1378 1921 1543 1962 quantum

225 1980 293 2015 per
307 1971 530 2016 iniquitatem
541 1975 737 2016 temporum
748 1976 880 2016 posset,
895 1973 1073 2017 principes
1090 1973 1271 2010 adhortari
1283 1975 1322 2007 ut
1334 1973 1427 2007 illius
1436 1971 1543 2007 liber-

226 2026 309 2060 tatis
319 2035 493 2061 memores
505 2035 594 2070 quae
605 2024 723 2061 facere
737 2025 918 2069 deberent,
935 2031 1201 2072 cognoscerent.
1223 2027 1350 2064 Nonne
1370 2026 1538 2063 emollis-

226 2079 322 2114 simis
343 2079 460 2115 verbis
473 2080 575 2116 dolor
590 2079 766 2116 libertatis
778 2082 928 2117 amissae
945 2084 1185 2127 cognoscitur,
1216 2081 1341 2126 quibus
1349 2081 1542 2117 Maximum

226 2134 377 2169 amicum
403 2134 588 2179 exorabat,
620 2137 658 2169 ut
672 2134 845 2179 AchaJam
874 2137 1090 2180 provinciam
1121 2137 1298 2182 aequitate
1329 2138 1365 2171 et
1393 2135 1543 2170 clemen-

226 2188 280 2222 tia
309 2187 540 2231 gubernaret:
588 2189 749 2233 „Cogita,
795 2193 830 2225 te
864 2190 1006 2226 missum
1044 2192 1090 2227 ad
1133 2190 1370 2228 ordinandum
1413 2192 1541 2225 statum

224 2240 418 2278 liberarum
446 2244 638 2287 civitatum,
666 2244 703 2279 id
727 2248 792 2286 est,
824 2244 996 2288 homines,
1025 2247 1176 2282 maxime
1205 2245 1376 2281 homines.
1406 2243 1538 2280 liberos

222 2296 375 2331 maxime
404 2296 546 2339 liberoe,
576 2298 671 2343 quod
695 2298 752 2342 jus
780 2308 803 2334 a
830 2303 958 2335 natura
987 2299 1106 2336 datum
1135 2301 1263 2337 virtute
1289 2298 1424 2334 meritis
1453 2299 1538 2335 ami-

219 2350 305 2386 citia
333 2348 482 2387 foedere
511 2352 663 2397 denique
694 2356 730 2388 et
756 2353 927 2398 religione
957 2357 1183 2391 tenuerunt.“
1212 2357 1248 2390 et
1274 2352 1388 2390 infra:
1422 2354 1536 2395 „habe

221 2408 306 2441 ante
337 2406 471 2448 oculos,
499 2406 660 2443 Athenas
695 2417 785 2450 esse,
823 2418 909 2453 quas
945 2408 1064 2452 adeas,
1104 2408 1407 2445 Lacedaemonem
1446 2418 1533 2451 esse,

196 2468 329 2506 ‚quam
363 2469 477 2505 regaS,
508 2461 631 2505 quibus
668 2462 841 2507 reliquam
875 2462 1034 2499 umbram
1071 2468 1107 2500 et
1145 2464 1320 2501 residuum
1359 2459 1535 2500 libertatis
