1719 2649
852 104 874 140 3

325 225 397 263 Sed
425 233 531 269 quum
559 224 592 259 ei
620 234 748 260 nonum
777 222 916 261 demum
952 235 1081 260 annum
1110 226 1227 268 agenti
1261 227 1367 270 pater
1394 223 1517 260 Caeci-

215 277 285 317 lius
319 281 547 325 praematura
581 281 694 315 morte
731 283 825 316 esset
857 283 1010 325 ereptus,
1048 280 1206 324 contigit,
1252 283 1292 315 ιιι
1326 279 1516 324 Verginius

214 333 325 371 Rufus
352 336 450 368 tutor
478 331 551 382 (ep.
578 333 626 377 II,
658 335 691 378 1,
721 331 762 382 8)
795 337 831 371 et
859 334 897 370 C.
915 335 1050 370 Plinius
1064 334 1244 370 Secundus
1260 334 1381 377 Major
1407 344 1516 369 avun-

215 388 325 430 culus,
356 387 425 423 duo
453 388 519 423 viri
548 387 784 431 illustrissimi,
813 389 1007 424 rationibus
1035 389 1109 432 ejus
1138 388 1403 433 diligentissime
1432 397 1515 431 pro·

214 442 391 486 spice-rent
417 450 459 476 ac
487 441 721 485 consulerent,
751 453 897 488 quorum
925 443 1017 479 alter
1044 444 1078 478 ei
1105 441 1282 478 adfectum
1314 442 1427 486 patris
1455 452 1514 477 ex:

214 495 371 539 bibebat,
399 496 468 532 iter
494 496 539 532 ad
566 496 717 533 honores
744 508 893 543 pronum
920 496 1074 534 faciebat
1114 508 1261 542 eumque
1296 496 1513 533 omnimodo

215 551 253 586 in
276 550 477 587 muneribus
503 551 652 596 publicis
686 552 912 597 assequendis
939 553 1141 597 adjuvabat,
1172 552 1263 588 alter
1297 561 1367 587 non
1401 552 1513 587 solum

215 604 405 650 adoptione
432 604 621 649 fortunam,
659 606 754 652 Jura,
792 605 976 643 facultates
1004 617 1131 643 nomen
1159 616 1352 652 cognomen
1370 605 1416 641 ad
1434 616 1515 643 eum

215 659 451 697 transferebat
485 660 546 705 (cf.
576 662 712 698 Cicero.
740 673 805 706 pro
835 663 928 699 dom.
963 660 1056 710 13.)‚
1111 663 1175 697 sed
1208 663 1315 697 etiam
1351 661 1514 704 exemplo

217 714 350 749 assidui
377 718 413 750 et
440 715 603 750 acerrimi
644 715 750 750 studii
788 716 970 751 literarum
1010 716 1239 760 ingenuarum
1282 718 1318 750 et
1353 714 1514 759 diligenti

214 768 421 813 liberalique
449 769 653 805 instituendi
681 770 818 806 ratione
848 770 947 815 quasi
975 770 1110 806 semina
1150 770 1303 805 omnium
1346 769 1512 805 virtutum

214 823 330 857 animo
357 824 459 866 pueri
485 824 623 864 insevit,
652 834 742 867 quae
769 827 895 867 postea
921 825 958 858 in
980 825 1109 867 juvene
1136 826 1173 858 et
1199 824 1275 858 viro
1304 823 1350 857 ad
1376 825 1512 857 tantam

212 876 450 912 maturitatem
477 880 724 922 pervenerunt,
752 881 792 913 ut
814 878 893 922 jure
923 878 1064 922 optimis
1091 877 1143 912 sui
1172 876 1304 913 saeculi
1337 875 1422 913 viris
1450 876 1512 911 ad-

212 935 467 968 numeraretur.
524 932 573 967 Et
598 936 701 976 grato
737 942 876 977 semper
911 933 1027 968 animo
1064 932 1171 967 Plinii
1207 932 1378 967 memoria
1411 931 1512 975 hujus

212 985 278 1020 viri
305 985 474 1028 inhaesit3
502 995 582 1020 nam
610 996 744 1021 summa
782 987 915 1031 pietate
948 989 985 1021 et
1020 986 1220 1021 reverentia
1256 987 1330 1029 ejus
1365 985 1513 1020 mentio-

210 1049 290 1074 nem
318 1037 404 1075 facit
431 1049 488 1084 ep.
516 1040 581 1084 III,
610 1041 646 1081 5,
680 1040 701 1076 6
730 1050 804 1085 seq.
833 1040 979 1077 laudans
1008 1041 1083 1084 eius
1119 1050 1200 1075 acre
1236 1040 1424 1085 ingenium,
1459 1039 1512 1075 in-

214 1093 384 1128 credibile
412 1094 574 1135 studium,
603 1104 771 1129 summam
805 1095 1022 1138 vigilantiam
1051 1099 1088 1129 et
1114 1094 1176 1138 VI,
1210 1096 1269 1136 16,
1308 1096 1330 1129 3
1368 1094 1511 1129 beatum

211 1157 288 1182 eum
317 1147 540 1191 praedicans,
569 1148 663 1192 quod
694 1152 754 1191 „et
779 1147 864 1184 fecit
890 1148 1076 1184 scribenda
1105 1150 1141 1183 et
1167 1144 1308 1192 scripsit
1320 1147 1510 1192 legenda“.

211 1201 303 1245 Quid
337 1202 444 1246 igitur
480 1203 616 1243 mirum,
662 1203 755 1247 quod
790 1213 961 1238 summum
1003 1202 1168 1246 gaudium
1214 1206 1251 1238 et
1284 1202 1447 1237 solatium
1474 1202 1512 1236 in

211 1256 339 1291 litteris
366 1256 521 1299 positum
557 1266 671 1300 neque
710 1256 830 1299 „aliud
866 1260 938 1291 tam
975 1256 1118 1299 laetum,
1157 1256 1252 1301 quod
1284 1256 1339 1291 his
1372 1255 1513 1299 laetius,

211 1313 285 1345 tam
324 1310 435 1352 triste,
492 1310 586 1355 quod
629 1320 700 1346 non
736 1321 801 1355 per
836 1311 900 1346 has
939 1311 1052 1346 minus
1091 1314 1184 1347 esset
1211 1311 1335 1346 triste“
1366 1312 1515 1354 putaret

210 1363 323 1409 (VIII,
355 1365 415 1406 19,
450 1361 500 1411 1.)
530 1366 659 1408 quippe
689 1366 749 1408 qui
775 1366 873 1399 illum
901 1365 1013 1399 virum
1040 1365 1087 1399 ad
1122 1365 1332 1399 imitandum
1367 1365 1404 1398 in
1440 1367 1511 1399 stu-

210 1418 276 1452 diis
304 1414 372 1452 sibi
399 1418 650 1461 proposuisset,
679 1419 739 1462 qui
764 1422 875 1454 totam
902 1419 1011 1454 vitam
1038 1419 1074 1453 in
1101 1418 1206 1454 rebus
1233 1421 1382 1454 naturae
1417 1427 1511 1453 com-

209 1472 349 1516 plicatis
376 1471 586 1516 indagandis
614 1475 651 1508 et
679 1473 879 1509 evolvendis
913 1471 1086 1517 degerat?

317 1526 423 1561 Haud
451 1526 564 1561 minus
591 1527 739 1561 aliorum
766 1527 966 1571 aequalium
993 1525 1173 1561 beneficiis
1208 1529 1285 1562 erat
1312 1526 1509 1570 obstrictus,

210 1580 270 1625 qui
298 1580 331 1615 ei
359 1590 485 1624 magno
516 1583 618 1616 erant
645 1581 823 1625 praesidio
859 1581 896 1616 iu
928 1579 1187 1616 conformandis
1224 1584 1261 1616 et
1295 1580 1438 1625 ingenio
1474 1584 1511 1617 et

206 1635 372 1678 moribus,
414 1639 453 1670 ut
494 1635 639 1671 Corellii
667 1633 757 1677 Rufi,
813 1646 915 1679 quem
964 1636 1079 1677 „vitae
1107 1645 1191 1670 suae
1219 1638 1357 1678 testem,
1388 1639 1507 1671 recto-

208 1699 295 1733 rem,
323 1689 549 1734 magistrum“
582 1689 761 1724 collaudat
792 1699 849 1733 ep.
886 1689 915 1733 Ι,
948 1689 1006 1730 12,
1048 1689 1094 1724 12
1138 1692 1174 1724 et
1212 1688 1507 1734 „suffragatorem

206 1748 247 1779 et
274 1747 401 1779 testem
428 1745 466 1778 in
493 1744 655 1787 petendis
695 1743 896 1786 honoribus,
938 1743 1163 1778 deductorem
1200 1746 1236 1777 et
1270 1744 1435 1779 comitem
1470 1744 1507 1778 in

207 1797 425 1841 inchoandis,
469 1798 732 1834 consiliatorem
770 1800 806 1833 et
837 1801 1012 1833 rectorem
1049 1798 1087 1832 in
1122 1797 1309 1841 gerendis“
1350 1807 1407 1842 cp.
1444 1797 1507 1842 IV,

212 1853 273 1893 17,
304 1854 345 1895 6;
374 1855 413 1887 ιιι
440 1851 588 1887 Aruleni
615 1851 762 1894 Rustici,
792 1863 895 1896 quem
927 1851 1224 1894 „adolescentiam
1251 1851 1362 1896 ipsius
1380 1852 1507 1887 exhor-

206 1906 399 1943 tationibus
435 1905 562 1942 fovisse
597 1906 826 1950 laudibusque
863 1905 1032 1948 effecisse,
1066 1910 1105 1941 ut
1140 1906 1336 1941 laudandus
1369 1906 1508 1942 videre-

206 1964 301 2004 tur“,
330 1961 417 1996 dicit
444 1971 500 2005 cp.
529 1961 555 1996 Ι.
592 1962 652 2001 14,
695 1962 734 2004 1;
771 1964 810 1996 ιιι
842 1960 1038 2005 Hispullae,
1077 1960 1205 1996 amitae
1240 1960 1370 2001 uxoris,
1415 1970 1506 2005 quae

206 2025 228 2050 a
262 2015 417 2059 pueritia
472 2015 623 2050 Plinium
680 2016 820 2058 „statim
865 2013 1046 2059 formarat,
1099 2014 1273 2056 laudarat,
1328 2014 1506 2060 talemque

206 2070 320 2115 qualis
357 2073 483 2114 postea
515 2070 618 2105 uxori
654 2079 739 2107 suae
775 2069 972 2113 videbatur,
1018 2070 1173 2105 ominata
1208 2071 1325 2111 erat“,
1370 2068 1416 2106 cf.
1446 2080 1503 2114 ep.

204 2124 265 2168 IV,
297 2125 357 2167 19,
387 2126 423 2160 7.

312 2178 567 2223 Praeterquam
596 2178 691 2222 quod
718 2178 851 2214 Plinius
879 2176 1068 2213 avunculus
1103 2177 1291 2213 maximam
1319 2187 1441 2213 euram
1468 2177 1505 2212 iu

206 2232 322 2267 animo
351 2232 457 2267 Plinii
486 2232 636 2276 junioris
673 2232 867 2269 excolendo
906 2230 1076 2273 adhibuit,
1112 2241 1220 2276 usque
1259 2231 1307 2267 ad
1342 2234 1505 2276 quartum

205 2286 263 2322 vel
290 2286 445 2331 quintum
482 2286 654 2322 decimum
687 2296 816 2323 anuum
850 2285 1005 2322 eruditus
1040 2289 1094 2322 est
1130 2296 1227 2322 more
1265 2286 1505 2322 Romanorum

205 2340 299 2375 illius
336 2342 505 2385 temporis
541 2350 562 2376 a
597 2341 773 2385 magistris
808 2340 1006 2377 domesticis
1047 2340 1122 2377 sive
1164 2342 1402 2385 grammaticis
1441 2338 1505 2385 (cf.

207 2394 351 2438 Quintil.
394 2395 504 2432 instit.
548 2395 628 2432 libr.
665 2392 724 2440 lv,
767 2406 904 2441 proom.
945 2399 985 2431 et
1020 2394 1080 2431 lib.
1110 2391 1153 2440 ll,
1196 2406 1274 2440 cap.
1303 2395 1369 2442 4.).
1427 2395 1504 2441 Quo

206 2448 312 2493 facto,
349 2453 434 2495 toga
470 2451 562 2487 virili
598 2455 742 2487 ornatus
782 2451 921 2488 scholas
956 2451 1139 2487 rhetorum
1165 2449 1412 2497 frequentavit,
1447 2450 1505 2486 cui
