1719 2649
847 107 897 144 33

224 229 361 267 essent“
390 226 437 265 cf.
465 236 594 272 paneg.
625 225 690 261 45.
746 224 881 260 Plinius
908 234 1059 270 quoque,
1102 225 1161 269 qui
1197 225 1298 261 malis
1334 225 1526 269 imperato-

223 284 320 321 ribus
344 281 573 326 regnantibus
600 278 821 324 periclitatus
849 282 937 322 erat,
978 280 1037 324 qui
1064 289 1168 324 quum
1194 278 1388 316 Domitiani
1415 279 1526 323 impe-

224 340 279 375 rio
307 336 456 381 gloriae,
496 335 686 378 honestati,
725 332 861 377 decori,
889 333 1120 369 incolumitati
1148 334 1287 371 omnino
1328 334 1427 371 locus
1454 342 1527 369 11011

224 391 357 435 fuisset,
385 390 430 426 ab
459 389 618 426 omnibus
645 387 847 424 muneribus
875 388 1024 433 publicis
1052 399 1090 425 se
1118 393 1317 427 removerat
1344 393 1381 426 et
1409 388 1525 425 studio

225 447 366 491 otioque
396 445 561 488 dederat3
609 443 775 479 libertate
815 453 837 478 a
873 443 1026 487 Trajano
1063 444 1320 489 quodammodo
1348 445 1525 485 restituta,

224 501 342 536 statim
370 499 416 534 ad
444 507 590 534 munera
616 497 760 542 publica
787 498 947 534 accessit.

334 553 481 589 Minime
509 562 593 589 vero
621 550 845 587 immodicam
883 551 1121 596 obedientiam
1157 552 1309 596 principi
1348 551 1528 596 dignitatis

226 618 309 644 suae
337 608 521 643 immemor
548 607 737 651 praestitit,
781 605 844 641 sed
871 615 1011 650 semper
1038 605 1146 641 talem
1173 615 1308 641 morem
1335 606 1454 650 gessit,
1490 608 1530 640 ut

226 664 277 698 ita
304 672 326 697 a
353 661 545 697 minoribus
573 664 762 703 amaretur,
792 660 894 696 simul
921 670 944 696 a
962 660 1123 705 principe
1144 659 1349 705 diligeretur
1366 661 1529 706 omnique

226 716 329 753 modo
365 716 433 752 1100
462 717 594 753 evitare
623 716 765 760 studuit,
793 718 831 750 ut
859 715 964 758 „dum
991 718 1173 751 vereretur
1199 725 1244 750 ne
1272 716 1408 759 gratiae
1435 716 1530 759 prin-

226 771 315 814 cipis
366 771 510 805 nimium
564 770 745 814 impertire
781 768 962 805 videretur
996 768 1209 804 adulationis
1244 766 1374 805 famam
1411 778 1531 805 conse-

227 826 431 870 queretur“,
488 824 564 868 Qua
598 824 802 860 adulatione
838 834 943 868 quum
990 826 1135 860 vacaret
1170 823 1304 859 Plinius
1340 827 1459 859 tamen
1495 824 1533 859 in

227 880 366 923 scriptis
403 879 622 922 maximeque
659 880 696 913 in
731 879 944 922 panegyrico
981 887 1044 925 suo
1081 877 1328 913 verecundiam
1364 886 1534 913 summam

229 942 271 968 ac
297 933 559 969 venerationem
587 933 624 968 in
651 931 842 977 Trajanum
869 932 1084 983 reperimus,
1114 942 1184 977 qua
1210 935 1360 978 propter
1387 933 1535 970 virtutes

229 988 322 1024 illius
350 985 417 1025 viri
445 988 671 1024 illustrissimi
710 987 863 1024 imbutus
901 992 990 1030 erat,
1030 991 1067 1024 et
1101 988 1138 1022 in
1174 988 1345 1032 epistolis,
1391 998 1477 1032 quas
1515 996 1534 1022 e

229 1043 395 1087 Bithynia
422 1042 575 1086 Trajano
611 1042 757 1078 miserat
792 1052 932 1087 semper
960 1043 1072 1079 virum
1100 1040 1276 1079 affabilem
1305 1045 1341 1079 et
1368 1040 1535 1078 blandum

230 1107 266 1133 se
295 1096 455 1141 praebet,
500 1098 560 1142 qui
587 1097 768 1133 sententiis
796 1100 832 1133 et
860 1097 976 1134 verbis
1006 1100 1089 1142 apte
1118 1107 1160 1133 ac
1187 1098 1370 1143 eleganter
1397 1096 1535 1134 confor-

230 1152 332 1187 matis
361 1151 465 1187 modo
503 1153 711 1197 imperatori
746 1152 954 1197 gratulatur,
996 1152 1103 1188 modo
1139 1153 1272 1197 gratias
1311 1153 1355 1189 ab
1393 1162 1436 1188 eo
1479 1151 1537 1188 vel

231 1206 298 1242 sibi
326 1207 383 1242 vel
412 1207 534 1243 amicis
562 1206 709 1252 flagitat,
748 1207 853 1242 modo
882 1207 1075 1243 sententias
1104 1210 1141 1243 et
1175 1208 1333 1244 rationes
1367 1207 1537 1251 principis

233 1261 276 1296 de
305 1261 467 1296 maximis
494 1261 599 1297 rebus
627 1262 770 1305 repetit,
807 1260 849 1296 cf.
880 1261 926 1298 X.
960 1263 981 1297 3
1019 1265 1109 1298 extr.
1149 1262 1184 1305 8,
1229 1263 1296 1300 31.
1337 1261 1404 1296 88.
1438 1261 1537 1296 alias.

231 1314 400 1351 Attamen
427 1315 495 1351 hac
543 1316 755 1352 verecundia
793 1315 926 1351 Plinius
961 1316 1175 1352 commoveri
1218 1326 1289 1352 non
1334 1316 1461 1360 potuit,
1498 1318 1538 1351 ut

232 1379 330 1405 suam
368 1370 576 1405 sententiam
616 1371 659 1406 de
697 1370 886 1415 aequitate,
918 1371 1074 1415 justitia,
1106 1370 1290 1406 honestate
1329 1369 1535 1415 deponeret.

233 1424 346 1469 Quum
374 1425 466 1460 enim
494 1425 696 1461 Domitiano
725 1420 841 1460 occiso
870 1425 1025 1460 maxima
1052 1435 1131 1461 cum
1158 1423 1365 1460 fortitudine
1394 1424 1538 1460 Certum

232 1479 410 1514 inimicum
452 1482 526 1514 tum
574 1479 698 1523 opibus
743 1482 780 1515 et
815 1480 1025 1514 auctoritate
1069 1479 1321 1515 validissimum
1358 1482 1541 1515 accusaret

234 1533 389 1569 Helvidii
416 1533 558 1569 ultionis
596 1543 712 1576 causa,
757 1533 862 1568 nullis
896 1533 1019 1578 hisque
1057 1534 1270 1577 gravissimis
1303 1533 1467 1578 precibus
1504 1537 1541 1568 et

235 1587 528 1623 admonitionibus
556 1588 746 1623 amicorum
776 1587 965 1623 deterritus
994 1591 1048 1623 est
1075 1598 1097 1623 a
1124 1588 1309 1632 proposito
1346 1597 1426 1631 suo;
1464 1588 1540 1631 ipse

234 1644 357 1677 narrat
384 1642 428 1677 de
456 1641 523 1677 hae
550 1652 590 1676 re
617 1642 722 1677 latius
751 1651 807 1686 ep.
845 1641 909 1686 IX,
942 1642 1010 1685 13;
1050 1645 1086 1677 et
1123 1642 1196 1678 alia
1234 1642 1397 1687 exempla
1434 1642 1542 1678 animi

234 1695 403 1740 impavidi
430 1696 537 1732 Plinii
565 1699 646 1732 sunt
680 1697 717 1731 in
754 1706 811 1741 ep.
840 1696 888 1738 II,
922 1698 967 1732 11
1007 1696 1068 1732 ubi
1107 1697 1165 1733 de'
1189 1698 1303 1733 causis
1338 1699 1462 1733 contra
1488 1696 1539 1732 M.

235 1750 404 1795 Priscum,
432 1751 510 1793 III,
528 1752 551 1785 4
581 1754 617 1786 et
647 1752 682 1793 9,
713 1754 837 1786 contra
864 1750 993 1787 Caecil.
1026 1750 1228 1795 Classicum,
1259 1752 1321 1795 IV,
1356 1753 1403 1788 17
1419 1754 1543 1788 contra

237 1804 275 1842 C.
305 1805 496 1841 Caecilium
524 1806 650 1850 agitur.

344 1859 426 1896 Jam
453 1863 673 1896 transeamus
705 1860 752 1896 ad
778 1861 967 1905 imaginem
994 1860 1078 1897 boni
1108 1862 1290 1907 principis,
1336 1870 1440 1906 quam
1467 1859 1543 1897 Pli-

239 1915 317 1950 nius
345 1916 558 1959 cogitatione
587 1915 655 1951 sibi
684 1914 870 1951 effinxerit.
926 1915 1145 1961 Panegyrico
1174 1917 1267 1953 enim
1295 1916 1453 1952 oratione
1481 1915 1544 1951 illa

239 1969 436 2013 praeclara,
481 1970 669 2015 diligenter
710 1970 868 2014 perlecto
910 1970 1158 2015 intelligemus,
1201 1971 1353 2007 Plinium
1395 1969 1544 2006 eandem

240 2025 450 2060 sententiam
479 2034 568 2069 quac
598 2024 780 2070 republica
814 2024 962 2061 florente
1004 2026 1174 2071 viguerat,
1212 2026 1438 2070 justissimam
1482 2024 1545 2060 du-

240 2079 351 2116 xisse:
385 2080 610 2124 „procuratio
638 2079 854 2124 reipublicae
884 2079 930 2116 ad
958 2080 1145 2116 utilitatem
1174 2089 1307 2123 eorum,
1351 2079 1410 2124 qui
1451 2089 1546 2115 com-

240 2133 336 2168 missi
363 2137 453 2178 sunt,
481 2144 555 2178 11011,
580 2134 626 2170 ad
655 2144 788 2176 eorum,
818 2134 941 2179 quibus
970 2135 1154 2171 commissa
1182 2138 1246 2177 est,
1283 2133 1440 2179 gerenda
1465 2136 1541 2169 est“

243 2186 369 2224 Cicero
400 2199 431 2225 c.
463 2188 521 2225 off.
552 2189 582 2231 I,
614 2189 676 2223 25.
706 2190 743 2225 2.
801 2189 917 2232 Quare
946 2192 983 2224 et
1010 2190 1122 2225 malos
1149 2189 1336 2234 principes,
1385 2188 1445 2233 qui
1478 2188 1547 2224 hac

242 2243 380 2279 ratione
408 2243 571 2287 neglecta
597 2242 851 2287 rempublicam
888 2253 932 2278 ex
968 2253 1032 2278 sua
1071 2244 1183 2279 solum
1225 2243 1370 2279 libidine
1413 2253 1545 2287 suoque

243 2296 398 2340 ipsorum
435 2298 618 2334 commodo
659 2297 951 2342 gubernaverant,
995 2307 1102 2345 quam*
1140 2299 1311 2335 acerrime
1355 2297 1545 2343 vituperat,

245 2354 281 2386 et
309 2351 500 2396 Trajanum
527 2352 667 2388 summis
695 2352 857 2388 laudibus
883 2352 1080 2396 praedicat,
1124 2354 1218 2398 quod
1259 2352 1369 2397 „nihil
1398 2352 1548 2397 amplius

246 2404 312 2440 sibi
340 2406 448 2443 licere
492 2417 596 2453 quam
639 2406 794 2443 civibus“
828 2408 958 2453 (paneg
988 2404 1053 2456 65)
1100 2418 1187 2452 ,,1100
1230 2419 1307 2445 esse
1352 2407 1549 2453 principem

247 2468 352 2504 super
379 2462 487 2508 legeS,
529 2463 592 2500 sed
637 2463 733 2508 leges
771 2473 877 2509 super
916 2462 1134 2508 principem“
1164 2464 1414 2509 arbitrabatur,
1456 2463 1551 2510 quod

1335 2528 1355 2559 5
