1719 2649
198 229 356 271 Braniss‚
387 228 499 265 virum
528 227 760 264 clarissimum
789 230 871 263 tunc
899 227 1002 273 hujus
1031 227 1164 264 ordinis
1180 229 1361 265 decanum.
1404 228 1509 266 Anno

198 297 316 330 autem
345 293 409 330 LV
429 293 465 330 h.
487 303 514 330 s,
534 293 569 328 in
599 303 659 329 eas
688 294 741 329 rei
768 291 952 329 familiaris
981 295 1160 339 augustias
1187 295 1307 339 incidi,
1334 298 1374 331 ut
1401 305 1509 332 verno

197 360 301 405 hujus
330 359 413 395 anni
442 361 603 403 tempore
640 358 686 394 ad
721 368 841 394 curam
876 359 1037 404 privatae
1073 359 1265 396 liberorum
1305 360 1510 406 disciplinae

198 424 460 470 suscipiendam
490 434 639 469 cogerer
667 425 763 469 apud
795 424 968 467 Wandel,
997 425 1108 461 virum
1137 425 1422 461 humanissimum
1451 428 1509 472 qui

198 490 439 526 sacerdotium
469 490 562 534 gerit
590 491 626 525 in
655 500 750 535 pago
778 489 1047 526 Wirschkowitz
1074 490 1111 526 in
1145 491 1290 535 regione
1320 491 1509 527 Miliciensi

198 557 277 592 sito.
323 556 399 600 Quo
413 565 558 591 munere
586 565 652 600 per
682 555 880 600 quindecim
909 565 1045 592 menses
1073 554 1277 601 perfunctus
1306 555 1352 592 ad
1380 556 1508 592 almam

199 621 407 657 Viadrinam
436 620 528 655 redii
557 630 599 655 ac
629 620 745 656 denuo
774 621 899 657 studiis
933 621 1156 666 philologieis
1190 624 1264 657 toto
1301 622 1416 657 animo
1452 631 1508 656 me

200 686 293 722 dedi.
362 684 501 721 Scholis
530 684 674 722 interfui
702 686 937 731 philologieis,
967 685 1154 731 historicis,
1181 679 1388 732 theologicis
1416 686 1509 731 apud

198 752 293 787 viros
321 750 592 786 illustrissimos:

308 814 520 856 Ambrosch,
551 815 703 856 Bittner‚
734 815 896 858 Braniss‚
925 815 1124 859 Friedlieb,
1153 816 1346 858 Elvenich,
1376 816 1506 858 Haase,

199 880 362 925 Kahlert,
393 880 587 923 Reinkens‚
618 879 813 924 Rossbach,
843 880 1005 925 Roepell‚
1035 880 1205 923 Ruckert‚
1236 881 1362 925 Ritter,
1391 881 1507 917 Stern.

308 947 395 982 Mox
435 956 519 982 vero
560 945 684 981 eadem
722 955 847 989 causa,
894 955 964 990 qua
1000 949 1105 981 antea
1139 956 1236 982 eram
1272 946 1458 982 distractus
1486 956 1508 981 a

197 1012 372 1048 continuis
400 1011 545 1053 studiis,
584 1013 797 1054 commotus,
827 1010 872 1047 ab
901 1010 1052 1055 Hugone
1082 1011 1125 1047 de
1154 1011 1384 1054 Hohenlohe‚
1414 1021 1508 1048 sere·
1526 1054 1539 1065 ⁸

197 1078 339 1113 nissimo
368 1077 529 1121 principe
560 1078 693 1112 accitus
721 1077 859 1120 suscepi
888 1075 1044 1112 scholam
1072 1077 1247 1121 privatam
1262 1077 1507 1112 administran-

198 1143 303 1187 dam,
338 1144 375 1178 in
403 1152 473 1188 qua
500 1141 718 1178 liberalitate
748 1142 885 1177 illius
914 1142 1151 1187 principis
1180 1141 1424 1178 Slawentzitzii
1451 1152 1507 1178 su-

198 1211 354 1244 stentata
382 1208 485 1252 pueri
513 1207 725 1252 puellaeque
764 1216 908 1247 eorum,
947 1217 1033 1250 quos
1069 1208 1233 1251 princeps
1271 1207 1330 1242 ille
1368 1207 1507 1243 cuidam

197 1274 334 1308 muneri
361 1273 579 1317 praeposuit,
611 1271 830 1309 erudiuntur.

306 1338 524 1383 Quamquam
552 1347 637 1374 vero
666 1338 783 1373 studia
809 1347 890 1374 mea
925 1347 1061 1374 mecum
1100 1337 1360 1373 rusticabantur
1395 1338 1505 1381 iisque

197 1403 358 1446 dabatur,
387 1403 631 1447 quodcumque
660 1402 746 1437 mihi
775 1405 961 1447 supererat
989 1403 1099 1438 otium
1128 1411 1150 1436 a
1167 1411 1312 1438 munere
1332 1401 1505 1437 educandi

197 1472 234 1505 et
261 1472 316 1504 tot
342 1469 523 1514 tantisque
555 1466 679 1504 officiis
709 1471 746 1504 et
772 1469 864 1504 curis
894 1468 1064 1504 distentus
1085 1479 1208 1511 eram,
1246 1471 1286 1503 ut
1312 1467 1505 1512 perexigua

197 1534 370 1577 temporis
399 1543 484 1577 pars
513 1533 559 1567 ad
596 1533 713 1568 studia
757 1534 897 1577 privata
941 1533 1027 1568 mihi
1068 1533 1345 1576 relinqueretur,
1372 1535 1506 1567 tamen

196 1598 289 1634 hunc
318 1596 471 1634 fructum
500 1597 693 1634 studiorum
721 1607 880 1634 meorum
914 1597 1062 1634 arbitrio
1097 1598 1252 1634 virorum
1289 1596 1506 1633 doctissimo-

196 1674 272 1697 rum
301 1663 463 1706 subigere
493 1667 639 1697 conatus
667 1673 751 1696 sum.
