1719 2649
236 910 355 970 Haud
388 944 470 969 raro
509 932 586 969 fieri
601 933 604 937 “
622 933 713 969 solet
748 938 787 970 nt
827 944 917 979 quae
958 933 1074 969 studia
1114 933 1215 968 nobis
1258 932 1541 968 adolescentibus

236 985 367 1024 fuerint
389 988 554 1032 jucunda,
582 988 625 1023 iis
651 988 762 1024 serius
791 990 888 1025 ocius
915 999 978 1024 seu
1004 988 1072 1023 hac
1099 998 1162 1024 seu
1203 988 1267 1023 illa
1311 998 1351 1023 re
1388 988 1541 1032 permoti

235 1041 364 1078 iterum
391 1052 537 1086 operam
565 1052 741 1077 navemus.
798 1043 963 1086 Quamvis
1001 1043 1094 1078 enim
1129 1052 1184 1077 me
1218 1042 1394 1086 gymnasii
1430 1041 1543 1085 Saga-

236 1098 353 1132 nensis
379 1098 514 1141 primae
543 1096 663 1131 classis
699 1097 894 1142 alumnum,
936 1097 1087 1133 maxime
1128 1097 1272 1141 Kayser
1308 1093 1375 1131 viri
1414 1096 1542 1132 doctis=

236 1152 315 1188 simi
349 1152 494 1187 consilio
532 1151 718 1187 adductum
764 1153 866 1188 valde
914 1153 1133 1188 delectarent
1170 1152 1211 1186 G.
1249 1151 1357 1186 Plinii
1395 1151 1543 1187 Caecilii

237 1206 389 1241 Secundi
417 1206 589 1249 epistolae
617 1216 736 1241 rerum
763 1206 1002 1242 Romanarum
1029 1207 1203 1241 varietate
1233 1208 1270 1240 et
1297 1206 1415 1249 copia,
1455 1215 1542 1249 qua-

236 1270 313 1295 rum
342 1261 576 1304 cognitionem
614 1270 684 1295 non
719 1260 804 1296 satis
844 1264 1045 1296 accuratam
1079 1269 1122 1295 eo
1158 1263 1318 1303 tempore
1354 1259 1542 1302 habebam,

237 1314 394 1358 quamvis
422 1315 609 1357 diligenter
635 1317 771 1358 postea,
801 1325 907 1359 quum
935 1315 1028 1349 inter
1055 1315 1149 1349 cives
1178 1314 1399 1348 academicos
1428 1314 1543 1348 almae

235 1369 357 1403 matris
386 1367 576 1403 Viadrinae
606 1378 730 1409 essem,
760 1369 881 1412 quales
907 1369 1002 1403 illius
1020 1369 1212 1412 scriptores
1226 1366 1360 1402 fuerint
1381 1367 1541 1409 virtuteS,

237 1422 353 1457 animo
388 1425 425 1457 et
466 1422 679 1465 cogitatione
735 1422 1072 1467 comprehenderem
1116 1426 1236 1457 tamen
1281 1431 1324 1457 eo
1368 1425 1542 1466 tempore,

237 1486 342 1520 quum
359 1486 482 1511 munus
496 1476 628 1511 liberos
642 1476 819 1512 educandi
845 1477 1023 1521 suscipere
1052 1477 1153 1521 quasi
1181 1476 1347 1520 cogebar,
1383 1477 1446 1511 illa
1473 1481 1544 1512 stu-

238 1530 297 1566 dia
324 1531 508 1575 paullatim
538 1531 805 1568 evanescebant.
861 1532 1058 1566 Novissimo
1087 1534 1206 1566 autem
1234 1535 1406 1575 tempore,
1438 1542 1543 1576 quum

237 1584 333 1629 apud
360 1585 490 1627 Haase,
521 1586 632 1621 virum
660 1586 931 1621 illustrissimum
961 1596 1074 1621 essem
1103 1589 1139 1621 et
1167 1585 1210 1621 de
1240 1585 1283 1621 G.
1314 1585 1429 1620 Plinio
1458 1585 1544 1621 Cae-

238 1640 319 1675 cilio
334 1639 496 1675 Secundo
512 1644 687 1684 ageretur,
717 1640 831 1675 denuo
861 1639 998 1675 animus
1025 1650 1193 1684 mensque
1222 1640 1477 1675 traducebatur
1497 1640 1544 1675 ad

237 1693 336 1728 illum
364 1695 587 1737 scriptorem.
616 1694 739 1738 Itaque
768 1694 812 1729 de
840 1694 912 1729 vita
939 1693 1079 1738 ingenio
1108 1694 1263 1728 moribus
1277 1693 1383 1728 Plinii
1410 1693 1545 1737 aliquid
1566 1693 1576 1700 ⁴

238 1748 436 1783 accuratius
463 1747 624 1793 proferre
651 1748 835 1791 constitui3
872 1748 1031 1784 intellexi
1067 1748 1170 1790 enim,
1210 1758 1288 1783 eum
1325 1757 1347 1783 a
1383 1747 1544 1792 plurimis

237 1803 322 1838 viris
355 1803 579 1845 doctissimis,
608 1804 668 1847 qui
694 1803 731 1838 iu
761 1803 969 1847 antiquitate
1006 1803 1117 1838 latina
1155 1802 1373 1846 exploranda
1408 1802 1543 1847 ingenti

237 1866 316 1891 cum
345 1857 529 1901 diligentia
557 1860 594 1893 et
627 1867 754 1901 magno
791 1867 870 1892 cum
904 1856 1020 1892 fructu
1055 1856 1285 1898 elaborarint,
1324 1855 1430 1892 valde
1466 1866 1543 1893 esse

237 1911 447 1955 neglectum.
506 1911 670 1955 Quamvis
714 1912 806 1947 euim
843 1911 990 1954 Gesner,
1032 1910 1220 1956 Schwartz,
1256 1910 1366 1954 Titze,
1403 1910 1542 1956 Gierig,

237 1963 429 2009 Thierfeld‚
464 1965 633 2011 Doering‚
669 1967 736 2002 viri
772 1966 963 2002 doctissimi
1008 1966 1119 2001 multa
1154 1965 1200 2001 ad
1236 1964 1426 2001 dilucidum
1461 1976 1543 2010 per-

239 2019 414 2062 duxerint,
470 2030 560 2064 quae
596 2022 672 2065 ipse
711 2025 818 2057 antea
855 2030 1033 2056 senseram
1068 2024 1104 2056 et
1138 2020 1209 2054 alia.
1245 2019 1290 2054 ab
1324 2019 1379 2054 his
1416 2021 1543 2055 melius

239 2073 420 2117 edocerer,
449 2076 567 2110 tamen
593 2073 671 2110 fieri
706 2085 779 2111 non
814 2076 941 2120 potuit,
981 2075 1064 2119 quin
1101 2073 1280 2115 nonnulla,
1320 2083 1410 2118 quae
1452 2074 1541 2110 mihi

238 2128 390 2173 probata
417 2128 620 2165 viderentur
647 2128 693 2164 ab
720 2130 861 2165 illorum
888 2130 1070 2165 sententiis
1098 2129 1342 2173 discreparent
1378 2131 1416 2164 et
1443 2138 1545 2164 accu-

238 2183 372 2218 ratiore
401 2183 703 2227 argumentatione
731 2184 940 2229 indigerent.
996 2183 1191 2218 Praeterea
1217 2182 1315 2218 nulla
1341 2180 1418 2218 fere
1447 2186 1547 2219 certa

239 2237 416 2273 sententia
443 2241 563 2274 exstat
590 2237 685 2283 apud
712 2239 793 2274 illos
821 2238 927 2274 Plinii
953 2238 1178 2282 interpretes,
1208 2237 1293 2282 quid
1320 2237 1378 2273 hic
1407 2237 1451 2274 de
1480 2238 1547 2273 diis

240 2301 431 2337 eorumque
467 2294 503 2329 vi
539 2293 586 2328 ad
629 2303 687 2329 res
723 2293 904 2337 humanas,
949 2292 1033 2337 quid
1071 2293 1115 2328 de
1152 2293 1288 2337 optima
1327 2292 1546 2337 reipublicae

239 2343 369 2389 forma,
399 2347 483 2390 quid
512 2347 556 2384 de
584 2348 784 2392 principatu
811 2347 969 2384 senserit.
1470 2363 1475 2367 ·

351 2399 520 2437 Attamen
547 2405 683 2438 tantum
710 2401 835 2446 abfuit,
863 2405 903 2439 ut
928 2401 996 2437 hac
1023 2400 1173 2436 materia
1199 2400 1313 2437 electa
1333 2403 1434 2437 tanta
1450 2410 1548 2437 arro—

242 2455 365 2498 gantia
393 2465 517 2500 essem,
546 2460 586 2493 ut
613 2468 669 2493 me
705 2458 857 2494 tironem
893 2458 930 2492 in
961 2456 1159 2506 hujusmodi
1196 2456 1547 2493 commentationibus

1289 2520 1304 2551 1
