1719 2649
860 99 882 134 5

234 220 269 263 4,
298 214 340 261 ll,
371 219 405 261 3,
434 216 491 258 lV,
521 211 585 259 27,
614 215 648 250 6.
707 211 810 251 Isaeo
837 211 878 259 ll,
918 217 953 252 3.
1009 216 1213 261 Thucydide
1247 216 1305 259 lV,
1348 216 1382 260 7,
1418 216 1455 259 3,
1491 214 1534 257 V,

233 274 268 315 8,
301 274 362 307 11.
418 269 655 314 Xenophonte
682 269 752 314 Vll,
782 269 844 312 32,
880 271 916 306 2.
973 270 1129 307 Homero
1165 272 1190 315 1,
1231 271 1266 314 7,
1308 271 1345 307 1.
1400 270 1425 312 l,
1467 270 1532 310 20,

234 328 297 363 22.
353 325 377 368 l,
410 325 470 368 18,
500 326 537 360 4.
594 325 636 367 V,
670 326 730 365 19,
760 326 797 360 2.
852 324 895 367 V,
924 327 988 367 20,
1020 327 1053 362 8.
1109 325 1166 368 Vl,
1196 327 1232 370 8,
1262 327 1297 361 3.
1329 324 1413 363 Vlll,
1441 324 1477 365 2,
1496 325 1533 358 8.

232 378 293 420 1Χ,
325 379 358 420 1,
390 380 425 414 3.
479 378 538 421 1Χ,
572 379 631 418 13,
663 378 726 421 20,
753 377 813 420 IX,
845 378 908 420 26,
956 380 991 415 6.
1061 379 1233 424 Euripide
1270 378 1329 422 lV,
1370 380 1430 421 11,
1472 378 1532 414 10.

233 432 408 477 Eupolide
436 432 461 476 1,
502 433 566 474 20,
600 432 659 470 17.

342 488 419 531 Quo
447 487 551 522 modo
580 487 640 522 ubi
667 486 801 521 Plinius
829 487 980 522 animum
1017 488 1176 523 omnibus
1212 488 1417 532 disciplinis,
1454 487 1536 536 qui-

233 541 298 577 bus
326 543 400 576 tum
429 541 486 576 via
513 540 559 576 ad
587 540 739 577 honores
768 539 924 576 forenses
954 544 991 577 et
1017 541 1063 577 ad
1084 551 1229 577 munera
1244 542 1387 587 publica
1401 542 1534 577 munie-

230 595 344 639 batur,
386 596 614 640 praeparavit
655 596 931 640 composuitque,
969 596 1043 640 jam
1080 597 1361 632 adolescentulus
1397 597 1468 640 (ep.
1506 596 1531 637 1,

234 651 294 691 18,
325 650 363 695 3)
392 650 650 685 undevicesimo
679 660 771 685 anno
807 651 934 685 aetatis
969 650 1087 686 dicere
1122 652 1158 685 in
1197 649 1276 686 foro
1317 651 1435 694 coepit
1475 649 1532 696 (V,

230 705 265 749 8,
297 704 351 752 8.)
381 707 418 740 et
445 704 643 740 constantia
669 707 834 749 prompta
861 707 1040 741 assecutus
1075 708 1129 740 est
1175 708 1214 741 ut
1253 714 1333 748 „res
1360 714 1532 750 prospere

230 758 376 794 cederet
405 757 510 802 atque
538 759 628 794 adeo
656 759 719 794 illa
745 760 839 795 actio
868 760 902 795 ei
937 769 1041 795 aures
1075 759 1265 802 hominum,
1293 760 1356 795 illa
1386 761 1532 803 januam

230 810 370 848 famae‘·
402 811 632 857 patefaceret.
686 813 710 856 l,
743 814 803 856 18,
839 814 877 849 4.

340 865 599 913 (Refellendam
627 867 735 912 igitur
761 878 887 903 censeo
915 868 1084 903 Massonii
1113 867 1321 903 sententiam
1348 875 1431 911 pag.
1463 866 1529 908 46,

229 921 289 965 qui
318 930 340 955 a
367 919 483 956 Plinio
511 921 601 956 hano
627 923 777 965 primam
815 922 990 957 actionem
1025 932 1101 957 esse
1133 922 1288 956 habitam
1323 923 1404 964 post
1438 920 1531 955 redi-

229 978 303 1011 tum
333 984 379 1011 ex
405 975 492 1011 Asia
520 976 716 1020 contendit3
768 975 964 1021 effugerunt
997 987 1074 1013 eum
1121 976 1230 1012 verba
1257 975 1363 1011 Plinii
1399 974 1531 1020 ipsiust

239 1030 524 1073 „undevicesimo
554 1023 645 1067 ann‘o
674 1032 800 1067 aetatis
829 1032 946 1067 dicere
973 1033 1009 1067 in
1036 1030 1113 1067 foro
1142 1028 1296 1077 coepi“.)

339 1085 389 1120 Et
412 1085 486 1129 jam
515 1088 621 1120 antea
648 1096 752 1130 quum
787 1087 954 1121 sanctitas
995 1096 1142 1127 morum,
1181 1090 1254 1120 tum
1298 1093 1444 1119 acumen
1480 1083 1532 1118 in-

162 1145 169 1148 *
230 1139 335 1183 genii,
363 1149 453 1184 quae
480 1140 627 1175 virtutes
656 1150 824 1175 summam
851 1151 949 1185 spem
977 1144 1081 1185 atque
1106 1139 1404 1184 exspectationem
1425 1137 1532 1173 habe-

235 1193 332 1237 bant,
361 1194 481 1229 oculos
509 1195 710 1238 animosque
738 1205 807 1230 non
835 1195 947 1234 solum
974 1195 1113 1236 civium,
1141 1204 1261 1229 verum
1289 1193 1395 1228 etiam
1422 1192 1533 1227 homi-

229 1257 311 1282 num
339 1247 605 1291 provincialium
633 1249 669 1283 in
685 1248 836 1284 Plinium
864 1252 1120 1292 converterant,
1148 1249 1244 1292 quus
1265 1247 1319 1282 rei
1333 1246 1532 1290 exemplum

230 1305 293 1344 est,
322 1302 416 1346 quod
442 1300 576 1337 Tiferni
603 1302 761 1337 Tiberini
788 1313 865 1338 eum
896 1312 939 1338 eo
967 1306 1127 1347 tempore
1155 1312 1269 1346 paene
1298 1301 1412 1336 adhuc
1446 1310 1533 1344 pue-

229 1365 306 1390 rum
330 1359 518 1399 patronum
546 1359 767 1400 cooptarant,
806 1360 845 1392 ut
871 1357 947 1401 ipse
984 1357 1035 1393 ait
1075 1360 1196 1398 „tanto
1231 1355 1365 1399 maj0re
1402 1355 1530 1397 studio,

231 1413 363 1454 quanto
406 1410 542 1445 minore
580 1410 750 1453 Judicio,“
808 1411 870 1453 IV,
904 1413 938 1453 1,
979 1413 1016 1452 4,
1052 1412 1112 1455 qui
1147 1410 1287 1455 quidem
1328 1409 1444 1444 honor
1486 1409 1531 1443 iis

229 1467 364 1499 tantum
392 1463 592 1499 habebatur
632 1464 676 1499 ab
716 1464 859 1500 urbibus
897 1465 1165 1509 provinciisque.
1196 1464 1338 1509 imperii
1364 1463 1530 1506 Romani,

229 1519 289 1563 qui
315 1518 511 1562 honestate,
539 1517 621 1560 fide,
650 1519 852 1564 integritate
880 1520 974 1556 vitae
1003 1520 1171 1564 optimam
1199 1520 1253 1555 sui
1290 1518 1529 1564 exspectatio·

227 1582 307 1608 nem
333 1573 605 1609 concitaverant.

336 1627 441 1663 Anno
469 1637 553 1663 vero
582 1627 738 1663 LXXXI
765 1638 800 1672 p.
831 1627 910 1663 Chr.
942 1638 977 1663 n.
1028 1628 1108 1664 Tito
1134 1629 1350 1673 imperatore
1377 1631 1529 1670 mortuo,

227 1680 380 1717 Plinium
415 1691 437 1716 a
469 1681 671 1717 Domitiano
712 1680 822 1717 fratre
862 1685 899 1717 et
935 1692 1135 1718 successore
1170 1683 1263 1718 illius
1300 1682 1530 1717 dissimillimo

226 1734 403 1771 flaminem
431 1736 502 1771 Titi
529 1736 622 1771 inter
651 1736 735 1772 deos
762 1736 867 1771 relati
895 1746 971 1772 esse
998 1735 1142 1779 factum,
1171 1737 1369 1773 Massonius
1408 1747 1444 1781 p.
1477 1738 1526 1772 33

228 1793 264 1824 et
290 1800 387 1833 sequ.
417 1790 642 1825 disertissime
672 1794 708 1825 et
735 1790 977 1835 copiosissime
1013 1792 1178 1829 ostendit.
1249 1791 1387 1827 Deinde
1423 1801 1528 1835 quum

226 1843 318 1878 hanc
345 1844 495 1888 primam
523 1843 657 1878 Plinius
685 1844 931 1887 capessivisset
959 1844 1178 1888 dignitatem,
1217 1844 1393 1880 decemvir
1428 1844 1530 1880 stliti-

226 1888 298 1933 1)αέ
313 1897 513 1942 judicandis
540 1907 632 1933 anno
660 1898 834 1934 LXXXII
861 1894 1009 1934 fortasse
1035 1897 1149 1934 factus
1183 1902 1237 1935 est
1260 1908 1372 1934 annos
1404 1899 1529 1943 viginti

226 1955 346 1995 natus3
375 1961 418 1987 ea
446 1952 539 1987 enim
567 1955 685 1988 aetate
708 1953 854 1996 juvenes
875 1952 1036 1988 solebant
1063 1953 1119 1989 vel
1152 1953 1252 1988 illum
1284 1954 1528 1998 magistratum

225 2006 283 2042 vel
329 2006 435 2042 aliam
476 2009 615 2051 partem
657 2007 915 2052 vigintiviratus
962 2007 1060 2044 obire
1099 2006 1142 2044 cf.
1172 2008 1317 2044 Masson
1343 2019 1380 2054 p.
1413 2009 1462 2046 35
1493 2011 1530 2044 et

225 2061 344 2097 Haase
372 2061 409 2097 in
437 2063 698 2097 commentariis
726 2063 770 2099 de
799 2062 938 2107 scriptis
965 2062 1080 2098 Taciti
1106 2073 1189 2107 pag.
1218 2063 1284 2100 IX.
1326 2063 1415 2099 Mox
1442 2073 1527 2099 vero

224 2124 322 2151 more
364 2116 531 2160 juvenum
559 2115 799 2152 Romanorum
835 2126 979 2161 operam
1004 2118 1041 2151 in
1068 2127 1108 2152 re
1150 2118 1296 2153 militari
1335 2118 1526 2163 praestitit,

226 2169 311 2205 dicit
338 2170 442 2212 enim,
473 2180 533 2212 „se
557 2171 722 2214 Juvenem
749 2170 855 2207 fuisse
892 2171 929 2206 in
968 2171 1115 2206 castris“
1156 2182 1212 2216 ep.
1242 2171 1341 2215 VIII,
1385 2175 1447 2215 14,
1481 2173 1524 2215 7;

224 2223 384 2260 tribunus
419 2224 561 2269 quidem
595 2223 662 2259 fuit
695 2225 732 2260 in
768 2226 871 2271 Syria
897 2225 963 2267 III,
1005 2227 1066 2267 11,
1097 2226 1133 2262 5.
1189 2227 1236 2268 Χ,
1268 2228 1331 2271 87,
1363 2229 1398 2264 1.
1455 2226 1528 2263 Sed

225 2287 330 2322 quum
357 2278 559 2314 Domitiano
586 2283 756 2322 regnante
796 2279 1002 2323 „disciplina
1028 2279 1129 2324 lapsa
1157 2281 1398 2327 exstinctaque
1434 2284 1528 2317 esset

225 2328 370 2380 (paneg.
406 2331 481 2378 18),
511 2336 673 2376 suspecta
699 2334 820 2378 virtus,
862 2333 990 2368 inertia
1014 2334 1050 2368 in
1078 2335 1205 2379 pretio,
1258 2335 1403 2371 ducibus
1428 2335 1527 2371 nulla

223 2387 426 2431 auctoritas,
455 2387 552 2422 nulla
579 2386 746 2425 militibus
773 2388 996 2430 verecundia,
1026 2398 1195 2434 nusquam
1222 2390 1418 2435 imperium,
1448 2400 1528 2427 nus-

223 2451 327 2486 quam
356 2441 573 2487 obsequium,
605 2443 725 2479 omnia
760 2444 875 2480 soluta
910 2442 1053 2479 turbata
1094 2447 1200 2489 atque
1236 2446 1274 2482 in
1312 2446 1525 2482 contrarium
