1719 2649
813 82 838 118 4

167 202 283 238 studio
302 203 449 246 juvenes
477 202 729 242 Romanorum,
758 200 818 244 qui
846 200 990 235 altiores
1018 198 1200 244 dignitatis
1213 200 1344 246 gradus
1359 211 1480 239 ascen-

169 257 254 293 dere
283 257 484 299 studebant,
514 256 585 291 illis
620 255 838 299 temporibus
875 255 1063 299 maximam
1100 264 1246 299 operam
1289 256 1479 295 navabant.

167 312 260 348 Nam
288 311 470 359 alibertate
513 309 730 354 reipublicae
768 309 950 345 Romanae
993 309 1099 353 plane
1138 310 1306 353 extincta,
1360 321 1477 355 quum,
1505 311 1508 314 '

174 369 316 407 „terror
346 370 382 401 et
410 368 524 400 metus
553 368 590 399 et
624 364 753 398 misera
780 364 844 398 illa
879 373 923 397 ex
960 363 1127 406 periculis
1162 362 1257 398 facta
1292 365 1480 407 prudentia

168 423 365 464 monerent,
394 422 433 455 ut
459 419 555 455 cives
583 427 605 453 a
632 417 816 462 republica
845 417 956 463 (nulla
984 419 1062 453 erat
1088 420 1205 453 autem
1229 418 1371 454 omnino
1399 428 1481 455 res-

167 474 326 519 publica)
358 474 490 515 oculos,
520 482 623 507 aures
651 473 786 508 animos
823 475 1025 507 averterent
1059 470 1120 516 (cf.
1157 482 1284 516 paneg.
1324 483 1354 510 c,
1397 473 1479 519 66.)

169 538 274 572 quum
303 529 456 563 maximo
484 527 642 571 periculo
672 529 774 569 esset,
816 535 858 560 ea
887 535 977 570 quae
1020 525 1205 568 sentirent,
1242 536 1407 570 promere
1443 527 1480 562 in

169 582 336 624 medium,
365 582 482 618 studia
509 582 547 616 in
575 580 715 616 scholas
742 580 924 616 rhetorum
952 579 1194 624 confugerunt,
1225 581 1284 625 qui
1307 582 1481 617 communi

169 641 368 680 temporum
398 636 574 679 iniquitati
616 635 809 670 servientes
844 636 881 669 in
922 634 1146 682 philosophia
1182 635 1233 669 ita
1270 636 1479 679 praecipere

169 690 342 732 solebant,
371 693 410 725 ut
438 688 619 734 discipulis
647 689 684 724 id
712 688 997 733 comprobarent,
1027 688 1122 734 quod
1160 688 1343 725 commodo
1380 689 1481 734 hujus

170 746 366 780 alteriusve
394 745 546 780 maxime
575 744 774 780 inserviret.
813 744 881 787 Qui
909 753 1107 787 quanquam
1136 743 1173 777 in
1201 743 1268 778 hac
1285 749 1362 780 arte
1382 754 1481 780 exer-

171 799 284 834 cenda
312 799 350 833 id
377 799 598 842 potissimum
627 797 792 841 agebant,
819 801 859 832 ut
895 798 933 831 in
969 800 1153 841 utramque
1188 800 1327 840 partem
1364 798 1482 842 dispu-

172 856 293 889 tarent
320 852 538 897 eandemque
567 852 777 888 sententiam
807 861 927 888 veram
965 860 1007 887 ac
1044 850 1169 887 falsam
1206 851 1480 894 demonstarent,

175 911 282 951 atque
312 907 515 950 disputandi
542 908 635 941 ratio
665 916 786 941 eorum
823 916 866 941 ex
901 906 1051 949 simplici
1089 909 1125 939 et
1157 906 1310 940 naturali
1342 906 1482 950 puchri-

172 962 294 998 tudine
333 961 580 1005 elegantiaque
618 960 787 995 orationis
823 959 1050 1004 abhorrebat,
1099 962 1269 1004 proptera
1294 960 1400 1005 quod
1437 959 1483 996 ad

173 1016 447 1052 ostentationem
485 1020 591 1060 atque
629 1015 904 1051 venditationem
929 1013 1026 1050 facta
1054 1017 1142 1056 erat,
1178 1019 1295 1050 tamen
1328 1015 1482 1051 infitian-

173 1071 256 1106 dum
283 1080 355 1105 non
384 1073 448 1113 est,
479 1069 693 1114 permultum
720 1069 804 1103 illos
831 1069 980 1104 valuisse
1009 1073 1045 1104 et
1072 1069 1225 1104 maximo
1263 1070 1341 1104 usui
1377 1069 1483 1105 fuisse

173 1125 220 1161 ad
248 1124 486 1168 eloquentiam
517 1125 684 1168 juvenum
713 1123 953 1159 excolendam.
1010 1123 1074 1159 Cui
1110 1122 1316 1167 disciplinae
1343 1133 1386 1159 ac
1414 1127 1485 1159 stu-

173 1180 232 1215 dio
260 1179 406 1222 Plinius,
435 1189 540 1223 quum
568 1188 698 1222 magna
726 1177 793 1213 sibi
820 1187 1035 1222 proponens,
1074 1180 1146 1212 tum
1176 1187 1311 1213 summa
1349 1178 1485 1223 cupidi-

172 1237 247 1270 tate
275 1232 524 1276 inflammatus,
552 1235 592 1267 ut
619 1233 818 1268 litterarum
845 1232 950 1267 laude
979 1232 1129 1276 gloriam
1157 1232 1392 1267 immortalem
1418 1232 1486 1268 sibi

174 1291 411 1331 compararet,
440 1296 479 1322 se
509 1286 608 1321 dedit
645 1289 681 1321 et
716 1284 878 1322 fortunae
920 1285 1099 1321 beneficiis
1136 1286 1275 1329 adjutus
1311 1297 1394 1322 usus
1433 1289 1486 1322 est

174 1341 354 1385 magistris
382 1340 695 1384 praestantissimis
723 1339 850 1375 Nicete
880 1340 1073 1375 Sacerdote
1102 1343 1138 1375 et
1172 1341 1323 1375 maxime
1352 1341 1486 1384 Quinti-

175 1396 285 1438 liano,
316 1394 376 1439 qui
403 1397 478 1429 tum
515 1403 650 1429 summa
685 1394 790 1429 laude
827 1391 1049 1438 eloquentiae
1083 1391 1244 1437 florebat,
1282 1393 1326 1431 cf.
1357 1404 1414 1439 ep.
1444 1391 1487 1438 ll,

178 1451 240 1491 14,
277 1451 337 1485 10.
368 1448 430 1489 VI,
463 1450 485 1484 6
519 1450 551 1483 3.
607 1448 657 1482 Et
685 1448 746 1482 alii
783 1449 849 1483 viri
888 1448 1091 1489 doctissimi,
1144 1447 1246 1491 cnjus
1293 1448 1485 1492 Musonius,

175 1499 246 1547 (lll,
287 1505 345 1544 11,
385 1499 435 1549 5),
489 1501 736 1536 Artemidorus
773 1502 891 1547 (ibid.)
928 1502 1130 1546 Euphrates
1175 1498 1216 1547 (l,
1260 1503 1334 1548 10.)
1375 1502 1486 1539 Stoici

173 1557 325 1592 Plinium
354 1557 391 1591 in
419 1557 561 1591 intimos
596 1556 842 1600 philosophiae
879 1566 1038 1592 recessus
1074 1556 1298 1601 induxerunt,
1338 1567 1486 1601 quorum

173 1612 211 1647 in
239 1611 423 1646 sententiis
450 1614 487 1646 et
515 1610 684 1646 institutis
712 1610 838 1655 ipsum,
869 1614 907 1646 at
934 1615 1031 1646 certe
1059 1621 1130 1647 non
1158 1611 1319 1647 absolute
1348 1615 1384 1648 et
1406 1612 1486 1647 sim-

173 1666 325 1710 pliciter,
366 1665 606 1709 permansisse
643 1674 687 1699 ex
723 1666 864 1709 scriptis
905 1666 1070 1709 cognosci
1105 1669 1235 1710 potest.
1293 1666 1486 1702 Praeterea

173 1720 239 1755 hoc
269 1729 406 1764 quoque
437 1729 504 1763 pro
534 1722 744 1763 argumento
783 1720 946 1755 acerrimi
982 1719 1090 1755 studii
1127 1720 1325 1755 litterarum
1380 1720 1487 1756 Plinii

173 1783 314 1818 ponam,
362 1774 457 1818 quod
489 1783 580 1818 puer
617 1774 885 1817 quatuordecim
922 1783 1092 1809 annorum
1120 1768 1339 1818 tragoediam
1366 1775 1487 1819 lingua

173 1837 304 1872 graeca
342 1827 557 1869 confecerat,
587 1828 834 1871 praenuntiam
863 1828 1038 1872 quandam
1058 1829 1252 1864 studiorum
1266 1829 1484 1872 poeticorum

175 1881 269 1929 (VII,
300 1885 336 1926 4,
378 1884 434 1926 3),
485 1891 575 1926 quae
605 1891 711 1925 quum
738 1882 874 1918 minore
903 1882 1008 1918 laude
1037 1886 1074 1917 et
1109 1882 1341 1918 admiratione
1370 1878 1487 1919 essent

174 1937 293 1979 digna,
323 1945 427 1980 quam
455 1939 554 1971 certa
583 1936 657 1979 ejus
684 1937 829 1981 scripta,
873 1936 1050 1972 oblivione
1078 1937 1206 1972 obruta
1233 1946 1303 1972 non
1330 1937 1486 1981 graviter

174 1990 343 2027 dolemus.

284 2045 363 2081 Hoc
400 2046 508 2090 igitur
542 2044 660 2081 studio
697 2044 898 2081 litterarum
934 2055 1102 2082 accensus
1135 2055 1305 2082 summam
1339 2056 1485 2091 operam

175 2100 485 2144 praestantissimis
513 2100 733 2144 antiquitatis
761 2099 990 2144 scriptoribus
1016 2101 1252 2144 perlegendis,
1289 2104 1486 2136 retractan-

175 2154 230 2189 dis
259 2154 491 2197 excerpendis
519 2154 670 2198 navavit,
701 2164 848 2198 quorum
877 2154 1044 2197 permulti
1086 2155 1157 2190 loci
1198 2155 1423 2199 reperiuntur
1448 2155 1485 2190 in

174 2208 344 2252 epistolis,
372 2210 411 2242 ut
438 2207 619 2252 Cicerone,
663 2218 766 2252 quem
796 2209 988 2253 praecipue
1016 2209 1173 2244 imitatus
1201 2213 1266 2251 est,
1309 2219 1366 2254 ep.
1391 2206 1417 2253 1,
1448 2210 1484 2254 5,

178 2264 240 2299 11.
301 2262 403 2297 Livio
433 2262 491 2298 Vl.
522 2262 584 2307 20,
616 2266 649 2301 5.
705 2262 812 2298 Calvo
851 2259 877 2303 l,
909 2262 945 2304 2,
986 2262 1021 2299 2.
1078 2263 1218 2299 Catullo
1246 2263 1304 2305 lV,
1348 2265 1407 2306 14,
1447 2264 1483 2299 5.

173 2316 298 2351 Asinio
331 2315 435 2351 Gallo
464 2316 534 2359 Vll,
575 2319 610 2359 4,
640 2320 664 2353 4
694 2319 731 2351 et
760 2319 795 2352 6.
840 2316 1007 2351 Lucretio
1035 2317 1093 2358 lV,
1127 2318 1188 2359 18,
1225 2319 1256 2351 1.
1312 2317 1484 2361 Pompejo

173 2370 364 2405 Saturnino
399 2366 426 2406 l.
469 2371 531 2412 16,
576 2373 607 2406 l.
664 2370 902 2407 Demosthene
942 2366 968 2413 l,
1008 2370 1044 2411 2,
1084 2371 1121 2407 2.
1176 2370 1234 2413 lV,
1266 2372 1302 2413 7,
1334 2373 1369 2407 6.
1420 2371 1480 2416 lX,

176 2425 237 2468 26,
270 2426 292 2462 8
322 2435 421 2472 sequ.
456 2428 492 2461 et
520 2425 627 2470 Lysia
656 2423 683 2468 l,
716 2426 777 2468 20,
807 2427 843 2464 4.
874 2424 1054 2462 Aeschine
1082 2426 1142 2469 lX,
1172 2428 1237 2470 26,
1274 2427 1332 2462 11.
1361 2422 1386 2471 1,
1416 2425 1479 2470 20,
