1719 2649
828 112 877 149 32

196 231 332 264 mutata
359 229 523 273 omnique
562 229 746 274 republica
782 229 920 266 libidini
955 228 1147 266 effrenatae
1182 229 1381 275 principum
1421 238 1505 267 con-

196 291 296 320 cessa
322 282 473 327 pristina
500 283 564 320 illa
590 284 749 322 conditio
784 288 944 322 veterum
970 283 1236 328 Romanorum,
1257 293 1329 330 qua
1352 280 1502 323 florente

194 335 414 382 reipublicae
441 337 608 374 libertate
635 339 691 375 usi
717 342 831 382 erant,
860 338 966 383 plane
986 341 1120 375 mutata
1139 341 1229 375 erat.
1285 338 1385 375 Fieri
1411 337 1505 375 enim

195 401 267 427 non
294 391 423 436 potuit,
462 396 502 428 nt
524 393 672 437 juvenes
695 393 770 437 jam
797 403 821 430 a
844 393 961 438 prima
987 393 1141 438 pueritia
1167 401 1287 431 amore
1326 392 1502 434 libertatis

194 444 437 482 imbuerentur
464 456 533 492 quo
573 447 621 484 ad
655 448 810 485 studium
843 447 1018 485 libertatis
1056 445 1299 487 defendendae
1340 446 1505 484 incende-

196 504 332 542 rentur,
362 511 466 545 quum
495 503 665 546 nequitia,
706 503 927 547 improbitas,
970 502 1176 546 obsequium
1214 505 1251 537 et
1287 500 1501 544 obedientia,

196 564 287 598 quae
316 554 559 592 voluntatibus
596 556 794 601 principum
837 555 1110 601 praestabantur
1146 555 1183 591 in
1218 555 1351 599 majore
1388 557 1505 591 essent

194 607 340 651 honore,
369 617 474 653 quam
501 609 630 654 pudor,
659 609 839 654 honestas,
869 610 1019 655 justitia,
1063 619 1153 655 quae
1186 609 1328 654 optimis
1364 608 1504 654 quibus-

195 672 263 706 que
290 663 374 698 viris
402 663 505 707 hujus
533 664 671 700 saeculi
698 665 870 709 perniciei
894 664 1036 700 fuerant
1062 663 1108 701 cf.
1136 664 1251 700 Tacit.
1280 662 1361 698 hist.
1378 674 1381 677 ·
1399 663 1428 707 Ι,
1463 664 1502 706 2,

195 718 239 753 4:
273 726 402 761 „quum
428 717 607 760 nobilitati,
648 728 748 763 opes,
794 719 913 755 omissi
948 718 1107 763 gestique
1144 717 1296 754 honores
1331 726 1398 763 pro
1435 717 1502 753 cri·-

194 771 287 807 mine
315 774 433 808 essent
461 775 498 808 et
526 772 572 808 ob
601 773 747 809 virtutes
762 774 994 809 certissimum
1014 773 1214 809 exsilium“.
1271 772 1348 815 Quo
1368 769 1500 807 factum

194 828 260 867 est,
289 828 329 859 nt
355 835 461 868 quum
493 826 696 870 „principes
722 826 858 870 gloriae
885 827 1035 862 aliorum
1070 825 1267 862 invidentes
1304 825 1419 862 viros·
1432 833 1503 861 non

193 876 405 924 perferrent,
444 880 504 924 qui
538 889 603 916 sua
638 880 743 917 laude
778 889 887 925 supra
922 880 1079 925 ipsorum
1106 878 1284 924 fastigium
1311 878 1428 915 attolli
1453 879 1503 915 νί-7

193 932 390 969 detentui-‘⁶
419 934 587 977 permulti
617 934 871 976 invenirentur,
914 935 975 978 qui
1015 944 1136 970 eorum
1175 933 1315 969 libidini
1357 936 1503 977 paratos

193 987 372 1023 ministros
405 997 443 1024 se
479 987 694 1033 praeberent
729 991 766 1025 et
802 989 839 1026 in
875 987 1035 1025 omnibus
1080 988 1197 1032 rebus,
1246 997 1310 1024 sua
1346 987 1503 1032 ipsorum

194 1042 406 1079 auctoritate
435 1043 492 1080 vel
520 1043 701 1080 voluntate
728 1044 905 1089 neglecta,
931 1044 1030 1087 jussa
1058 1044 1257 1088 principum
1284 1046 1421 1078 tantum
1443 1041 1502 1081 adt

197 1100 414 1141 spectarent.
444 1095 488 1133 cf.
516 1097 636 1133 Haase
664 1098 688 1133 l.
717 1098 741 1135 1.
769 1108 805 1143 p.
836 1097 994 1134 XXXVI
1030 1097 1148 1142 Quid?
1189 1106 1304 1133 nonne
1342 1106 1362 1132 e
1401 1096 1504 1133 malis

192 1151 373 1187 minimum
400 1151 469 1187 sibi
496 1152 604 1196 elegit
632 1152 777 1195 Plinius,
824 1153 883 1197 qui
918 1162 984 1188 nec
1021 1152 1244 1189 contumacia
1281 1150 1398 1187 inutili
1437 1160 1503 1188 nec

193 1206 291 1241 inani
327 1206 502 1242 libertatis
533 1207 728 1251 jactatione
763 1208 853 1243 iram
889 1207 1143 1252 imperatorum
1160 1239 1163 1242 .
1179 1206 1352 1243 malorum
1389 1205 1426 1241 in
1463 1215 1502 1241 se

193 1260 434 1304 convertebat,
463 1260 527 1297 sed
553 1261 748 1306 prudenter
774 1261 993 1306 temporibus
1020 1272 1101 1297 usus
1128 1261 1320 1297 honoribus
1339 1259 1503 1305 gerendis

193 1314 407 1356 abstinebat,
435 1325 480 1351 ne
508 1313 722 1359 flagitiorum
751 1315 891 1351 illorum
919 1316 1100 1360 particeps
1128 1314 1230 1351 fieret
1257 1314 1421 1359 vitiisque
1450 1314 1505 1358 ip-

192 1369 240 1405 sis
267 1369 362 1405 illius
389 1370 521 1405 saeculi
549 1373 834 1414 corrumperetur
862 1373 899 1406 et
933 1369 1137 1406 facultatem
1168 1369 1211 1405 de
1240 1369 1384 1405 civitate
1411 1367 1503 1404 bene

192 1424 351 1460 merendi
379 1423 567 1468 dimittere,
604 1434 709 1469 quam
737 1424 774 1460 in
800 1424 929 1469 capitis
955 1424 1151 1469 periculum
1183 1427 1222 1462 et
1247 1424 1340 1461 vitae
1380 1422 1503 1494 discri-

192 1488 273 1515 men
301 1488 339 1514 se
367 1477 500 1515 inferre
528 1478 713 1515 malebat?

304 1532 397 1577 Quid
423 1534 592 1568 miremur
633 1532 727 1578 quod
756 1532 881 1577 optimi
919 1536 956 1568 et
990 1532 1226 1568 honestissimi
1263 1532 1331 1568 viri
1362 1535 1500 1576 postea,

192 1597 297 1631 quum
332 1587 434 1622 malis
475 1587 747 1631 imperatoribus
786 1596 829 1622 ac
865 1586 1058 1631 praecipue
1096 1586 1302 1622 Domitiano
1352 1585 1500 1622 sublatis

192 1642 277 1676 mite
304 1641 449 1685 Traiani
475 1641 663 1685 imperium
691 1644 847 1677 secutum
877 1643 980 1684 esset,
1008 1650 1077 1685 quo
1106 1643 1278 1685 regnante
1306 1642 1407 1675 tanta
1424 1649 1500 1675 om-

190 1695 285 1730 nium
312 1705 431 1731 rerum
458 1695 685 1731 commutatio
714 1697 840 1731 exorta
868 1698 933 1737 est,
971 1697 1010 1731 ut
1046 1695 1289 1739 „principatus
1326 1697 1362 1730 et
1392 1693 1500 1730 liber-

191 1753 258 1791 tas,
299 1759 356 1785 res
393 1750 477 1785 olim
515 1749 757 1786 dissociabiles
792 1749 1044 1785 miscerentur“
1081 1747 1201 1798 (Tacit
1237 1749 1327 1794 Agr.
1370 1749 1407 1791 3,
1451 1749 1501 1794 l.)

191 1803 357 1840 libertate
385 1804 550 1840 restituta
577 1804 735 1840 contenti
761 1803 1038 1848 insuperabilem
1075 1808 1274 1849 temporum
1311 1802 1501 1839 necessita-

192 1862 265 1894 tem
293 1867 408 1903 aequo
437 1859 554 1894 animo
582 1858 737 1894 tulerunt
770 1868 917 1902 eamque
945 1859 1085 1902 imperii
1120 1857 1282 1901 formam,
1321 1867 1411 1903 quae
1453 1857 1500 1893 ad

191 1912 409 1958 reipublicae
452 1912 588 1949 liberae
631 1912 894 1949 similitudinem
928 1912 1088 1957 proxime
1125 1912 1323 1956 accederet,
1361 1911 1501 1957 praedi-

192 1971 318 2003 carunt
345 1967 384 2013 (1.
414 1967 469 2014 ll.)
499 1968 733 2012 „immensum
767 1967 908 2011 imperii
944 1976 1072 2011 corpus
1109 1967 1184 2003 sine
1225 1970 1365 2003 rectore
1404 1970 1500 2002 stare

191 2030 235 2058 ac
261 2021 386 2057 librari
414 2032 484 2058 non
512 2031 618 2067 posse
645 2022 727 2059 rati.

299 2076 495 2113 Praeterea
518 2077 593 2120 jam
621 2076 759 2113 subitae
787 2075 871 2111 illae
901 2078 938 2111 et
964 2076 1172 2120 repentinae
1201 2075 1500 2112 commutationes

191 2140 233 2166 ac
262 2131 355 2166 vices
382 2131 592 2176 principum,
630 2130 735 2168 modo
762 2130 948 2174 malorum,
988 2130 1093 2166 modo
1122 2130 1306 2173 bonorum,
1352 2140 1499 2175 quorum

190 2184 254 2220 sub
282 2185 431 2229 imperio
459 2185 543 2222 boni
570 2186 664 2222 cives
691 2185 796 2221 modo
824 2194 896 2220 non
924 2184 991 2219 nisi
1027 2184 1262 2221 delationibus
1289 2188 1327 2221 et
1361 2185 1499 2229 pericu-

190 2239 235 2274 lis
262 2238 299 2274 in
326 2239 441 2274 lucem
467 2238 741 2284 proferebantur
768 2242 805 2275 et
832 2239 973 2274 summis
1001 2239 1170 2283 periculis
1199 2238 1244 2275 ob
1273 2239 1420 2279 virtutes
1447 2239 1500 2283 ip-

191 2303 247 2329 sas
276 2293 553 2338 exponebantur,
581 2294 686 2330 modo
717 2293 761 2330 ob
791 2293 940 2330 eandem
969 2302 1122 2337 causam,
1153 2293 1248 2339 quod
1275 2293 1377 2329 malis
1404 2293 1499 2339 prin·

191 2347 328 2392 cipibus
355 2348 458 2384 invisi
486 2352 522 2385 et
548 2349 703 2394 suspecti
730 2347 883 2391 fuerant,
912 2357 934 2382 a
962 2347 1063 2384 bonis
1090 2348 1138 2384 ad
1166 2358 1319 2385 summos
1346 2348 1499 2385 honores

191 2401 469 2446 adducebantur,
505 2405 598 2440 cives
621 2404 801 2440 Romanos
828 2406 901 2439 tam
927 2401 1063 2439 faciles
1100 2406 1137 2440 et
1172 2402 1344 2441 flexibiles
1382 2403 1500 2440 reddi-

193 2457 328 2502 derant,
358 2459 402 2493 ut
432 2467 698 2504 „quamcunque
725 2460 762 2494 in
790 2461 929 2503 partem
959 2458 1171 2496 ducerentur
1198 2462 1303 2504 atque
1331 2468 1500 2505 sequaces
