1719 2649
833 129 881 164 31

216 251 418 299 mentor,
434 257 525 293 quae
558 247 621 283 illo
657 250 819 291 tempore
854 245 1074 291 maximeque
1107 246 1333 285 Iudaeorum
1374 248 1516 293 quibus-

217 299 316 340 effi
336 295 597 353 nonnumquam
639 295 825 336 chriffisni
864 283 1180 343 confundebantur,
1235 300 1410 338 seditione
1451 301 1518 338 ius

214 348 431 402 auriana·
446 365 469 391 a
496 352 732 409 Vespasiano
740 356 783 390 et·
803 351 894 391 Tito
903 353 971 390 vix
995 354 1169 399 oppressa
1192 354 1518 402 Hierosolymisque

215 404 389 446 renuitas
397 410 526 462 deletis
546 404 625 445 tsm
652 406 837 453 simpectas
864 411 970 446 eunt
1002 407 1230 454 principibu&
1271 414 1312 447 ut
1344 409 1518 455 'l‘rajanus

215 457 294 501 es's
303 458 446 513 omnine
468 458 551 500 esse
576 459 755 516 vetuisset,
783 461 944 499 omnibns
969 461 1102 500 ‘viribus
1128 463 1195 500 sibi
1215 464 1417 510 enitendum
1439 473 1518 501 esse

215 512 389 554 duxerunt
415 518 578 562 Romani,
606 513 647 554 'ut
671 513 764 554 hauc
790 515 1073 562 superstitionem
1099 527 1226 555 novam
1252 519 1393 564 penitus
1418 528 1519 557 ever-

211 573 342 609 terent.
398 568 614 624 Confer-atur
651 571 696 607 de
722 567 790 607 hac
817 580 869 614 re,
916 571 1011 617 quod
1038 571 1147 608 Gerh.
1172 572 1280 611 Joan.
1308 573 1455 610 Vossius
1480 574 1518 609 in

213 627 465 663 commentario
492 621 530 662 in
558 625 747 671 epistolam
774 625 881 661 Plinii
907 626 952 662 de
980 625 1181 662 christianis
1203 626 1306 666 «dicit.
1364 627 1518 672 (Amto-

211 680 343 717 lo'dami
374 677 495 729 1666)
521 680 686 725 pagsss‘l,
715 682 757 716 et
778 678 876 725 sequ.
933 679 990 715 Ex
1017 679 1072 716 his
1098 689 1184 717 vero
1211 690 1278 717 nec
1301 680 1385 717 aliis
1410 684 1517 726 atque

211 732 395 771 fullacibus
432 734 576 780 judiciis
612 730 923 779 'proficiscendum
963 733 1065 772 uobis
1108 737 1162 771 est
1201 736 1377 771 rationem
1418 739 1516 772 recte

212 788 465 832 mutilaturus,
495 793 600 833 quam
628 788 764 824 Plinius
797 788 836 824 in
869 787 1081 824 christianos
1117 787 1289 825 adhibuit.
1345 788 1517 825 Potestne

210 841 338 892 minio,
371 842 453 879 viro
489 837 594 887 quum
635 842 753 878 saeris
784 841 924 887 patriae
969 841 1138 878 institutis
1174 841 1394 879 deditissimo
1444 846 1517 879 tum

212 896 357 942 eei-egis
398 894 510 934 officii
549 894 764 943 exsequendi
784 894 869 933 fide
904 895 1070 942 praedito
1105 896 1243 933 crimini
1277 896 1379 938 verti.
1423 897 1518 943 quod

212 950 362 988 eandem
390 946 614 995 sententiam,
643 961 748 997 quam
781 951 941 997 Tacitus,
977 950 1174 996 Suetonius,
1209 951 1272 988 alii
1307 951 1375 987 viri
1409 961 1518 998 supra

208 1005 331 1050 vulgus
358 1007 536 1052 sapientes
561 1002 738 1051 tenebant,
761 1015 807 1043 ex
833 1016 926 1044 nova
952 1002 1018 1043 illa
1044 1005 1216 1051 religione
1243 1016 1372 1042 novum
1394 1016 1514 1043 rerum

210 1059 382 1102 ordinem,
417 1068 544 1097 novum
582 1057 768 1106 imperium
804 1061 904 1097 nasci
942 1069 1059 1105 posse,
1102 1064 1254 1103 secutus,
1297 1058 1517 1098 confessores

209 1114 307 1150 illius
337 1115 518 1162 religionis
559 1115 755 1160 puniendos
793 1125 870 1152 esse
904 1115 1065 1159 putavit?
1117 1114 1241 1151 Addas
1282 1124 1379 1156 vero,
1420 1114 1516 1160 quod

209 1167 426 1213 sacerdotes,
451 1169 591 1215 templis
619 1169 766 1206 deorum
788 1170 862 1215 jam
880 1167 1057 1206 vdesolatis
1084 1172 1122 1206 et
1157 1169 1266 1206 sacris
1299 1168 1514 1206 solemnibus

209 1223 269 1259 diu
304 1223 509 1260 intermissis
542 1224 725 1269 perterriti
759 1227 797 1260 et
828 1223 1011 1260 sollicitati
1044 1223 1197 1260 Plinium
1241 1223 1430 1267 instabant,
1474 1228 1513 1259 ut

207 1276 275 1313 hoc
302 1278 498 1321 periculum
525 1278 636 1313 sacris
662 1277 811 1322 publicis
837 1277 1043 1322 impendens
1069 1277 1307 1323 propulsaret.

314 1331 462 1368 Minime
489 1341 575 1369 vero
602 1330 683 1369 fieri
707 1333 834 1377 potuit,
863 1336 903 1368 ut
928 1333 984 1369 vir
1009 1341 1145 1369 summa
1160 1332 1350 1378 aequitate,
1380 1341 1514 1368 summa

208 1384 396 1422 clementia
437 1387 532 1422 omni
569 1387 770 1423 discrimine
804 1387 966 1432 neglecto
1000 1386 1192 1423 crudeliter
1223 1387 1261 1421 in
1304 1386 1514 1422 christianos

208 1442 342 1484 ageret.
399 1440 610 1477 Insolentius
638 1441 731 1477 enim
760 1444 795 1477 et
820 1441 1064 1478 immodestius
1092 1441 1136 1477 de
1171 1440 1373 1477 christianis
1408 1437 1513 1477 Tuci-

206 1496 263 1529 tus
291 1493 420 1532 Annal.
449 1495 531 1538 XV,
560 1496 624 1537 44,
656 1497 680 1530 4
708 1498 746 1531 et
773 1496 809 1532 5.
840 1499 877 1531 et
904 1494 1093 1532 Suetonius
1127 1495 1225 1531 Nero
1266 1496 1334 1532 16:
1381 1505 1514 1539 „geum

206 1547 385 1584 hominum
429 1549 687 1594 superstitionis
731 1558 844 1586 novae
889 1552 926 1586 et
970 1547 1188 1594 maleficae,“
1232 1551 1377 1585 censent
1410 1559 1515 1594 quam

206 1600 350 1648 Plinius,
379 1603 438 1648 qui
465 1602 662 1640 doctrinam
691 1612 813 1640 eorum
853 1603 1017 1649 „culpam
1053 1604 1110 1641 vel
1147 1605 1328 1640 errorem‘·
1365 1603 1412 1648 X,
1449 1604 1514 1646 96,

209 1657 234 1691 ’1Δ
269 1661 307 1693 et
336 1658 604 1702 superationem
644 1659 814 1700 nominat,
871 1659 956 1703 (quo
999 1658 1142 1703 quidem
1183 1658 1323 1694 nomine
1363 1658 1515 1693 Romani

207 1713 328 1747 omnes
354 1712 544 1758 religiones
571 1711 810 1756 nominabant,
839 1721 930 1758 quae
958 1711 1004 1748 ab
1039 1711 1196 1758 ipsorum
1233 1712 1379 1748 deorum
1416 1712 1513 1748 cultu

206 1765 441 1811 dissidebant)
462 1767 531 1812 vqui
558 1777 663 1812 quum
689 1766 777 1803 nihil
804 1767 988 1803 tormentis
1023 1766 1131 1804 etiam
1165 1766 1333 1805 adhibitis
1365 1766 1402 1801 in
1438 1767 1512 1802 vita

206 1818 477 1856 christianorum
505 1822 709 1866 reperisset,
737 1821 833 1866 quod
860 1821 1055 1858 damnaret?
1072 1820 1133 1867 (cf.
1161 1821 1307 1857 Vossius
1332 1821 1358 1857 l.
1372 1820 1398 1857 1.
1427 1830 1510 1865 pag.

207 1873 275 1919 42)
309 1875 471 1911 nesciens
515 1875 600 1920 quid
645 1878 681 1912 et
713 1878 885 1920 quatenus
929 1876 966 1911 in
1014 1875 1059 1911 iis
1093 1878 1188 1912 esset
1225 1874 1440 1920 puniendum
1475 1878 1512 1910 et

206 1927 370 1965 misertus
396 1929 515 1975 magni
541 1930 817 1975 periclitantium
844 1930 982 1967 numeri
1008 1930 1229 1967 clementiam
1256 1932 1293 1965 et
1319 1928 1509 1974 indulgen-

204 1983 291 2019 tium
317 1985 431 2029 magis
457 1981 575 2029 quam
588 1985 814 2021 severitatem
842 1989 880 2021 et
905 1985 1150 2021 crudelitatem
1168 1985 1342 2020 ‘idoneam
1369 1993 1446 2020 esse
1463 1983 1511 2019 ad

205 2046 331 2074 novam
358 2038 564 2084 religionem
592 2038 861 2084 opprimendam
889 2039 1102 2082 existimavit
1127 2037 1173 2075 cf.
1210 2038 1258 2080 X,
1299 2038 1361 2082 96,
1397 2040 1508 2074 extr.:

207 2089 336 2136 „facile
364 2096 419 2129 est
446 2093 597 2139 opinari,
628 2103 718 2138 quac
753 2093 858 2130 turba
894 2093 1073 2130 hominum
1107 2092 1287 2130 emendari
1320 2092 1443 2137 possit,
1480 2092 1510 2127 si

204 2146 251 2182 sit
273 2148 517 2192 poenitentiae
544 2148 682 2185 locus.“
737 2147 868 2192 Quibus
895 2148 1001 2184 rebus
1017 2147 1261 2184 *consideratis
1295 2155 1400 2182 nemo
1431 2144 1509 2182 fere

206 2200 284 2245 erit,
312 2202 373 2247 qui
399 2202 546 2246 dubitet,
575 2203 658 2247 quin
671 2220 673 2223 .
686 2199 819 2238 Plinius
844 2203 921 2247 ipse
949 2203 986 2237 iu
1013 2202 1247 2246 suspicionem
1281 2201 1509 2245 imperatoris

204 2255 369 2297 venisset,
398 2257 428 2291 si
456 2250 561 2291 aliter
586 2257 624 2291 in
651 2256 860 2292 christianos
888 2256 1031 2300 egisset,
1060 2258 1166 2300 atque
1185 2254 1339 2291 officium
1355 2255 1509 2291 muneris

204 2310 466 2353 proconsularis
492 2313 530 2347 et
556 2310 669 2347 cultus
697 2310 844 2347 deorum
870 2310 1017 2356 patriae
1036 2310 1243 2356 postularet.

317 2365 445 2402 Restat
472 2365 651 2408 verchoc
678 2374 796 2409 unum,
825 2368 865 2401 ut
892 2365 977 2411 quid
990 2364 1125 2401 Plinius
1153 2365 1395 2403 virlibertatis
1414 2376 1508 2403 come

203 2419 322 2455 munis
357 2420 539 2457 studiosus
572 2419 620 2457 ‘de
662 2421 861 2466 principum
900 2419 1141 2457 dominatione
1183 2421 1343 2466 senserit,
1383 2422 1508 2467 paucis

204 2482 487 2513 commemorem.
543 2475 726 2513 Libertate
754 2477 847 2512 esim
877 2474 1084 2520 jamdudum
1111 2486 1190 2513 cum
1218 2477 1386 2525 servitute
1415 2487 1509 2514 eom-
