1719 2649
822 85 879 121 20

198 215 325 250 parum
354 204 466 247 multi,
510 205 569 249 qui
596 214 745 248 carpere
774 205 906 240 amicos
929 202 1099 248 judicium
1127 205 1265 247 vocant,
1306 202 1391 238 mihi
1416 214 1508 239 nun-

198 270 303 305 quam
331 258 606 303 persuadebunt,
648 261 687 293 ut
727 268 826 294 meos
854 258 965 294 amari
1003 267 1026 292 a
1066 266 1122 292 me
1164 258 1309 293 nimium
1350 259 1507 302 putem&

306 313 419 357 Quam
447 312 492 348 ob
521 323 597 348 rem
625 312 716 347 hanc
744 313 860 348 laudis
888 311 1138 348 abundantiam
1166 311 1283 347 Plinio
1322 322 1391 347 non
1437 314 1509 347 tam

195 368 334 402 crimini
365 367 518 402 dandam
548 376 635 409 esse,
673 376 778 410 quam
807 367 957 402 maxime
985 375 1096 410 pravo
1133 365 1266 409 ,iudicio
1309 374 1351 400 ac
1394 366 1509 401 sensui

196 422 339 457 illorum
369 424 569 466 temporum
597 430 737 457 censeo.
795 421 1028 466 Simplicitate
1058 420 1149 456 enim
1179 423 1335 456 veterum
1363 420 1510 464 scripto-

197 487 274 512 rum
303 475 453 518 sublata,
481 486 539 511 res
568 475 663 519 apud
691 476 819 511 multos
849 477 1040 520 scriptores
1067 474 1207 519 saepius
1234 475 1270 510 in
1285 473 1508 518 magnificen-

199 531 284 567 tiam
313 533 435 566 auctas
462 530 678 573 invenimus3
721 530 938 575 eandemque
974 529 1131 566 veritatis
1168 529 1443 574 superlationem
1472 532 1508 565 et

198 585 442 629 trajectionem
480 585 517 619 in
562 585 778 628 panegyrico
807 585 913 619 Plinii
954 584 1160 628 reperimus,
1199 584 1351 628 exempli
1392 584 1508 627 gratia

198 649 227 674 c.
260 640 421 675 59-80
451 638 494 673 de
524 638 708 673 consulatu
736 639 843 674 tertio
872 640 1044 682 suscepto,
1083 647 1113 672 c.
1148 639 1196 673 57
1243 637 1286 672 de
1326 638 1510 673 consulatu

201 693 322 734 dilato,
352 702 382 727 c.
415 693 590 734 30—32,
618 691 679 727 ubi
707 691 891 737 Aegyptos
918 696 1066 736 propter
1095 692 1318 728 sterilitatem
1332 692 1509 727 insolitam

198 747 401 788 cavillatum
445 750 482 781 et
510 746 662 782 maxime
698 756 728 782 c.
762 748 826 789 40,
870 747 930 782 ubi
971 746 1014 782 de
1057 747 1223 790 vectigali
1265 746 1508 782 vicesimamm

198 801 338 837 sublato
364 801 492 845 agitur.
550 800 743 844 Reperitur
772 801 865 836 enim
894 801 960 837 hoc
988 800 1067 836 loeo
1096 800 1202 836 illud:
1240 799 1316 844 „At
1342 800 1379 835 in
1407 810 1509 845 prae-

198 856 341 892 teritum
372 854 558 890 subvenire
587 864 632 889 ne
662 854 711 889 dii
740 854 881 899 quidem
909 858 1069 899 possunt3
1114 858 1153 890 tu
1181 854 1362 899 (Trajane)
1392 857 1509 889 tamen

198 909 391 945 subvenisti
418 909 625 953 cavistique‚
675 911 714 943 ut
754 909 931 945 desineret
968 909 1113 954 quisque
1150 908 1279 944 debere
1316 908 1410 953 quod
1438 918 1508 944 non

198 967 292 1000 esset
318 967 445 1007 postea
482 963 674 1006 debiturus,
716 963 754 998 id
791 967 856 1003 est,
899 963 1057 1004 effecisti,
1102 973 1146 998 ne
1182 963 1294 998 malos
1329 963 1508 1007 principes

197 1018 483 1060 habuissemus“;
513 1027 582 1061 quo
607 1016 692 1061 quid
720 1016 904 1052 absurdius
933 1017 1002 1052 dici
1039 1020 1101 1052 aut
1137 1017 1332 1053 existimari
1369 1016 1510 1062 potest?

307 1071 451 1108 Summa
479 1074 597 1108 autem
625 1081 731 1116 quum
759 1072 939 1116 aequitate
968 1075 1005 1108 et
1034 1072 1183 1116 justitia,
1222 1075 1296 1107 tum
1325 1072 1511 1107 ciementia

196 1128 232 1163 in
260 1127 349 1162 alios
377 1125 445 1161 fuit
472 1126 618 1168 Plinius,
658 1136 728 1170 qua
761 1126 829 1161 nisi
866 1136 948 1161 usus
987 1129 1091 1168 esset,
1137 1130 1234 1162 certe
1271 1126 1369 1161 illam
1397 1126 1511 1162 laudis

198 1181 376 1218 comitatis
405 1183 442 1217 et
470 1180 739 1217 benevolentiae
768 1183 892 1216 nactus
920 1191 992 1216 non
1029 1184 1133 1223 esset,
1185 1183 1378 1225 propterea
1416 1181 1511 1225 quod

198 1236 266 1272 hae
295 1236 442 1271 virtutes
470 1235 545 1270 sine
574 1235 753 1278 aequitate
783 1238 819 1270 et
843 1235 981 1278 justitia
1009 1238 1071 1270 aut
1101 1235 1242 1270 omnino
1268 1244 1340 1270 non
1367 1238 1512 1279 possunt

201 1300 291 1332 esse,
322 1292 384 1324 aut
411 1289 448 1324 in
476 1288 731 1333 malignitatem
760 1289 994 1333 injuriamque
1023 1288 1127 1324 facile
1157 1286 1419 1326 convertuntur.

308 1344 386 1387 Qua
412 1343 536 1387 regula
564 1342 740 1377 rationem
768 1342 898 1387 agendi
928 1353 1087 1379 emensus
1115 1344 1172 1385 sit,
1211 1343 1439 1387 intelligimus
1467 1353 1510 1379 ex

197 1409 253 1443 ep.
287 1397 399 1439 vm,
431 1397 505 1432 22:
546 1396 719 1439 „Nostine
748 1396 813 1432 hos
841 1398 901 1442 qui
930 1397 1084 1433 omnium
1112 1397 1295 1432 libidinum
1323 1398 1416 1432 servi
1461 1397 1511 1433 sic

196 1453 346 1489 aliorum
374 1451 468 1488 vitiis
495 1451 707 1492 irascuntur,
738 1451 838 1495 quasi
865 1451 1046 1487 invideant
1075 1456 1110 1487 et
1129 1452 1332 1496 gravissime
1350 1452 1509 1496 puniunt,

198 1516 287 1553 quos
314 1506 466 1541 maxime
502 1504 712 1541 imitantur?
750 1516 854 1550 quum
892 1516 953 1542 eos
989 1506 1108 1548 etiam,
1154 1507 1213 1551 qui
1250 1516 1320 1542 non
1354 1507 1512 1551 indigent

199 1561 387 1598 clementia
415 1560 519 1595 ullius
547 1560 635 1595 nihil
663 1560 775 1604 magis
804 1570 908 1604 quam
935 1560 1062 1596 lenitas
1092 1561 1228 1597 deceat.
1286 1560 1403 1605 Atque
1445 1571 1511 1605 ego

197 1616 368 1661 optimum
397 1617 434 1651 et
462 1614 783 1650 emendatissimum
812 1615 986 1657 existimo,
1031 1615 1090 1659 qui
1118 1615 1248 1651 ceteris
1274 1615 1326 1650 ita
1361 1615 1512 1660 ignoscit

199 1674 378 1715 tamquam
406 1670 484 1713 ipse
514 1668 673 1712 quotidie
701 1672 837 1712 peccet,
872 1670 924 1704 ita
963 1670 1120 1712 peccatis
1158 1672 1337 1713 tamquam
1378 1670 1510 1704 nemini

196 1725 367 1769 ignoscat.
425 1722 581 1758 Proinde
624 1722 693 1757 hoc
739 1722 846 1765 domi,
885 1721 952 1757 hoc
988 1721 1076 1758 foris
1110 1723 1178 1758 hoc
1214 1723 1250 1758 in
1286 1723 1382 1758 omni
1418 1724 1511 1759 vitae

197 1788 329 1824 genere
358 1780 551 1820 teneamus,
580 1779 619 1812 ut
646 1776 747 1813 nobis
774 1776 1017 1821 implacabiles
1045 1777 1163 1820 simus,
1199 1777 1398 1813 exorabiles
1435 1778 1511 1814 istis

198 1833 306 1869 etiam
339 1831 400 1876 qui
431 1831 517 1867 dare
547 1830 684 1867 veniam
712 1831 780 1866 nisi
816 1830 883 1866 sibi
924 1832 1093 1875 nesciunt,
1134 1829 1407 1876 mandemusque
1440 1842 1512 1868 me-

197 1887 333 1923 moriae
362 1885 458 1931 quod
487 1885 540 1922 vir
567 1884 769 1921 mitissimus
797 1888 835 1921 et
861 1884 907 1921 ob
934 1885 1003 1922 hoc
1032 1896 1171 1931 quoquc
1188 1886 1372 1929 maximus,
1401 1885 1512 1923 Thra-

195 1952 269 1985 sea,
315 1940 441 1977 crebro
478 1940 597 1976 dicere
633 1939 789 1976 solebat:
829 1940 913 1985 „qui
949 1941 1034 1977 vitia
1070 1941 1157 1983 odit,
1192 1940 1351 1977 homines
1389 1941 1508 1985 odit··;

196 2005 302 2041 quam
329 1994 460 2040 agendi
487 1995 663 2030 rationem
690 1994 727 2030 in
756 1994 917 2031 omnibus
949 1996 1043 2032 vitae
1084 1995 1354 2038 conditionibus,
1394 1996 1511 2041 quoad

195 2051 294 2092 vixit,
323 2048 527 2085 adhibebat.

306 2103 423 2147 Quare
462 2103 691 2147 praecipuam
726 2102 1003 2138 mansuetudinis
1047 2103 1188 2140 laudem
1227 2113 1303 2139 esse
1345 2104 1508 2148 opinatus

196 2157 348 2200 Plinius,
379 2168 485 2202 quum
513 2157 590 2193 irae
621 2167 728 2193 causa
751 2157 945 2201 justissima
973 2161 1082 2202 esset3
1120 2157 1237 2193 multis
1265 2157 1381 2194 verbis
1409 2157 1508 2193 Sabi-

195 2213 344 2249 nianum
371 2211 600 2256 implorabat,
630 2211 793 2254 amicum,
824 2215 863 2247 ut
890 2222 993 2247 servo
1021 2212 1160 2248 cuidam
1188 2212 1400 2256 ignosceret,
1447 2215 1506 2257 qui

197 2267 243 2302 ad
270 2266 370 2301 illum
397 2268 602 2301 cucuirerat
630 2266 753 2310 illique
781 2266 1010 2310 supplicarat,
1059 2270 1098 2302 ut
1133 2266 1270 2302 veniam
1308 2276 1331 2301 a
1364 2266 1504 2302 domino

196 2320 366 2356 irascenti
411 2319 674 2363 deprecaretur,
719 2320 789 2362 IX,
836 2322 901 2358 21.
959 2319 1082 2366 Quum,
1125 2320 1329 2357 Domitiano
1373 2320 1503 2363 exciso,

196 2376 323 2420 primis
352 2373 477 2410 diebus
504 2373 678 2410 libertatis
705 2375 912 2420 redaenptae
941 2385 1022 2411 suos
1060 2376 1205 2420 quisque
1242 2375 1401 2411 inimicos
1440 2385 1504 2420 po-

196 2431 345 2466 stularet
373 2432 410 2465 et
437 2428 573 2464 Plinius
602 2439 736 2465 summa
765 2430 958 2474 cupiditate
982 2429 1269 2472 inflammaretur,
1298 2430 1501 2467 innocentes
