1719 2649
853 145 875 181 9

226 263 342 298 autem
384 262 580 306 complures
620 255 816 309 huJusmodi
859 263 1130 300 contubernales
1173 262 1240 298 sibi
1278 264 1448 308 elegerat,
1489 266 1529 298 ut

225 315 425 353 Romatium
452 316 610 353 Firmum
637 317 669 362 Ι,
702 320 762 362 19,
794 320 829 360 1,
859 318 1055 354 Voconium
1079 317 1292 361 Romanum,
1319 318 1366 361 ΙΙ,
1400 318 1460 361 13,
1491 317 1527 359 5,

224 369 428 407 Suetonium
469 370 720 417 Tranquillum,
761 372 987 409 historiarum
1022 372 1230 416 scriptorem
1257 371 1286 416 I,
1317 371 1382 416 24,
1417 372 1450 408 1.
1479 370 1527 414 Χ,

226 426 290 461 94.
321 424 453 471 (5111111111
475 425 662 462 Calvisium
689 427 717 469 Ι,
751 428 811 468 12,
847 428 908 464 12.
937 427 1000 469 IV,
1030 429 1066 471 4,
1099 428 1132 463 1.
1162 426 1286 471 quibus
1314 436 1386 462 non
1415 426 1527 461 solum

225 477 347 515 amicis
376 483 412 515 et
439 480 655 523 adjutoribus
682 481 719 515 in
747 480 886 525 scriptis
923 481 1068 517 edendis
1110 480 1286 523 utebatur,
1335 480 1397 516 sed
1440 489 1528 525 quos

225 534 331 571 etiam
359 543 422 569 sua
449 532 602 576 fortuna,
631 535 760 578 studio,
789 536 1000 572 auctoritate
1029 535 1219 580 adjuvabat
1245 539 1283 572 et
1309 535 1472 572 ornabat.

333 589 409 625 Nec
437 589 562 626 horum
590 593 727 626 tantum
755 589 1058 626 contubernalium
1086 590 1337 626 consuetudine
1374 591 1528 625 delecta-

224 643 340 686 batur,
397 643 460 678 sed
502 644 609 679 etiam
657 644 823 687 permulti
863 643 930 679 viri
972 644 1120 688 ingeniis
1160 644 1284 679 studiis
1324 645 1527 689 integritate

224 697 330 740 vitae,
388 697 557 742 dignitate
600 697 773 733 honorum
811 698 1024 734 auctoritate
1071 699 1364 742 praestantissimi
1405 700 1529 734 intima

226 751 381 787 amicitia
407 749 718 796 familiaritateque
747 754 849 787 erant
875 753 1052 795 conjuncti
1080 762 1158 787 cum
1187 753 1315 789 Plinio.
1372 753 1528 796 Quorum

226 815 272 841 ex
307 809 453 839 numero
491 808 627 840 tantum
672 805 955 854 commemorabo
996 805 1140 841 Junium
1178 806 1387 850 Mauricum,
1437 816 1529 851 „quo

225 859 302 895 viro
330 858 418 894 nihil
446 857 587 903 firmius,
616 859 703 895 nihil
730 861 869 896 verius“
908 860 972 903 IV,
1004 861 1066 905 22,
1097 862 1133 898 3.
1171 861 1199 904 Ι,
1231 861 1266 903 5,
1300 862 1361 905 10,
1398 861 1426 904 I,
1469 862 1528 900 14,

226 912 273 957 II,
307 914 367 950 18.
397 913 461 956 VI,
495 915 556 951 14.
587 914 787 959 Corellium,
815 915 876 958 IV,
915 916 970 958 17,
1000 917 1037 956 4,
1066 915 1095 957 I,
1131 917 1190 958 12,
1226 918 1286 951 12.
1315 916 1374 958 IX,
1403 916 1463 957 13,
1496 917 1531 958 6,

226 966 422 1003 Arulenum
459 968 652 1012 Rusticum,
692 967 839 1006 fratrem
867 968 900 1005 J.
937 968 1091 1005 Maurici
1118 969 1142 1012 1,
1176 970 1236 1012 14,
1269 971 1302 1005 1.
1340 968 1530 1004 Arrianum

226 1022 417 1067 Maturum,
444 1023 495 1066 lll,
528 1025 563 1067 2,
594 1024 630 1061 2.
659 1023 868 1060 Aristonem
894 1023 978 1061 Vlll.
1012 1025 1071 1068 14,
1104 1026 1139 1060 1.
1169 1024 1212 1066 V,
1246 1024 1331 1067 3,1.
1362 1024 1385 1067 l,
1416 1024 1530 1066 22,1.

227 1076 428 1113 Helvidium
455 1077 514 1121 lX,
551 1079 611 1120 13,
644 1079 679 1115 3.
735 1078 789 1114 Ac
818 1079 847 1113 si
875 1088 996 1115 verum
1025 1082 1090 1120 est,
1129 1088 1147 1113 e
1177 1079 1421 1121 conjunctione
1451 1088 1533 1113 con-

227 1131 420 1167 suetudinis
462 1132 640 1176 ingenium
676 1142 860 1177 moresque
904 1133 1053 1176 cujusvis
1091 1132 1276 1176 dijudicari
1313 1135 1349 1167 et
1385 1142 1533 1176 percen-

227 1186 298 1221 seri
325 1195 440 1230 posse‚
471 1187 547 1230 quis
575 1186 721 1232 dubitet,
777 1188 860 1232 quin
885 1186 1021 1222 Plinius
1049 1186 1145 1223 fama
1173 1187 1356 1231 gloriaque
1400 1186 1532 1230 ingenii

228 1250 271 1275 ac
313 1241 509 1276 sanctitatis
548 1243 642 1277 vitae
686 1240 874 1277 floruerit?
931 1242 1017 1285 Quis
1065 1242 1158 1276 enim
1198 1241 1332 1284 credat,
1383 1241 1535 1284 optimos

229 1303 383 1338 quosque
411 1294 505 1329 illius
544 1295 675 1330 saeculi
709 1296 814 1339 viros,
853 1296 914 1339 qui
946 1296 1032 1331 vitia
1068 1298 1142 1330 tum
1171 1298 1242 1330 tam
1282 1295 1354 1330 late
1390 1293 1535 1339 perfusa

229 1349 474 1392 vituperarent
502 1353 537 1384 et
565 1353 827 1392 aversarentur,
864 1350 1017 1384 Plinium
1045 1349 1189 1392 dignum
1227 1348 1402 1390 habuisse,
1437 1350 1535 1391 cujus

229 1403 434 1444 amicitiam,
463 1401 740 1439 familiaritatem
767 1404 1013 1438 auctoritatem
1041 1403 1208 1437 auxilium
1245 1406 1281 1437 et
1307 1406 1471 1446 peterent
1499 1405 1536 1437 et

230 1455 388 1491 colerent
433 1459 469 1492 et
513 1458 656 1501 plurimi
703 1457 911 1503 penderent,
927 1486 938 1489 -
957 1457 1025 1492 11151
1070 1457 1186 1502 ipsum
1229 1458 1283 1492 sui
1324 1456 1537 1492 simillimum

229 1510 439 1555 putassent?

338 1565 419 1601 Jam
449 1565 637 1609 videamus,
682 1566 796 1610 qualis
823 1564 931 1602 fuerit
971 1566 1062 1600 ratio
1098 1566 1192 1601 vitae
1229 1565 1390 1609 privatae
1419 1565 1537 1601 Plinii.

231 1619 279 1655 Et
306 1622 346 1655 ut
371 1619 448 1664 ipse
482 1630 543 1664 „se
571 1624 669 1657 certo
698 1621 852 1657 siderum
880 1631 994 1665 cursu,
1023 1621 1074 1656 ita
1102 1621 1176 1657 vita
1199 1619 1350 1656 hominis
1371 1620 1541 1664 disposita

234 1674 404 1709 delectari
433 1674 621 1710 confitetur
649 1685 705 1719 ep.
734 1676 798 1719 111„
832 1677 866 1718 1,
897 1678 933 1717 2,
958 1676 1008 1710 ita
1037 1685 1101 1710 nos
1136 1675 1286 1710 eandem
1322 1675 1413 1709 hanc
1448 1675 1541 1710 vitae

232 1728 418 1771 rationem,
463 1738 567 1773 quam
610 1730 648 1764 in
690 1729 769 1765 aliis
809 1730 951 1765 summis
985 1728 1148 1765 laudibus
1195 1728 1296 1765 effert
1332 1728 1426 1773 (eod.
1455 1727 1540 1773 loc),

234 1786 538 1828 quantumcunque
574 1794 640 1828 per
685 1785 831 1828 negotia
874 1783 1018 1828 publica
1055 1787 1091 1818 et
1129 1782 1245 1818 officia
1283 1783 1403 1818 amicis
1438 1792 1542 1826 prae-

233 1837 361 1872 standa
388 1838 422 1872 ei
450 1837 599 1881 licuerit,
629 1847 787 1874 servasse
817 1848 836 1874 e
865 1838 1009 1882 scriptis
1037 1836 1141 1873 facile
1165 1837 1400 1881 intelligimus.
1458 1835 1540 1871 Jam

233 1890 278 1926 ab
307 1891 547 1928 adolescentia
585 1903 691 1938 quum
728 1893 889 1937 exemplo
926 1896 963 1928 et
997 1892 1301 1928 adhortationihus
1329 1891 1436 1926 Plinii
1463 1891 1541 1925 Ma-

231 1945 320 1988 joris
349 1949 543 1983 commotus
582 1950 657 1984 tum
685 1957 819 1984 summo
859 1950 894 1983 et
930 1947 1082 1991 ingenuo
1117 1946 1230 1982 studio
1270 1946 1469 1981 litterarum
1504 1944 1542 1979 in

235 2000 362 2036 citatus
391 1999 451 2049 (cf.
488 2001 515 2041 1,
556 2002 594 2044 9,
624 2002 647 2045 1,
680 2002 744 2047 10)
774 2004 941 2045 quantum
977 2001 1041 2036 otii
1076 2001 1145 2045 ipsi
1181 2000 1444 2045 praestabatur,
1489 1999 1542 2033 in-

234 2054 358 2090 studiis
386 2055 588 2091 coHocavit:
625 2056 709 2100 quin
737 2056 843 2091 etiam
870 2056 964 2091 inter
989 2055 1186 2091 venandum
1214 2055 1293 2090 stilo
1322 2058 1359 2091 et
1393 2053 1543 2098 pugilla-

234 2109 331 2145 ribus
359 2109 533 2153 utebatur,
571 2113 610 2145 ut
640 2110 694 2153 „si
722 2110 806 2154 quid
831 2110 1072 2152 meditaretur,
1112 2111 1308 2145 enotaret.“
1370 2109 1446 2151 Quo
1485 2117 1541 2142 ar-

239 2163 326 2199 dore
375 2162 609 2199 inflammatus
655 2174 726 2199 non
761 2164 936 2208 acquievit
970 2163 1007 2197 in
1043 2163 1086 2197 iis
1123 2163 1291 2198 doctrinis
1328 2162 1543 2206 artibusque,

238 2217 363 2262 quibus
391 2218 456 2254 illo
485 2217 625 2254 saeculo
655 2217 807 2255 Romani
834 2217 1008 2264 impertiri
1030 2217 1204 2260 solebant,
1234 2218 1297 2253 sed
1309 2218 1545 2261 cognitionem

240 2273 388 2308 aliarum
416 2283 534 2307 rerum
563 2273 630 2307 sibi
669 2282 877 2317 comparare
912 2272 1055 2315 cupivit,
1092 2282 1182 2315 quae
1219 2272 1265 2307 ad
1303 2281 1366 2306 sua
1403 2270 1547 2314 negotia

239 2335 309 2361 non
338 2326 576 2370 pertinerent3
606 2336 688 2362 nam
716 2326 890 2363 Licinium
906 2325 1031 2361 Suram
1060 2326 1210 2362 amicum
1246 2329 1361 2370 rogat,
1404 2328 1442 2360 ut
1477 2324 1548 2368 ipsi

244 2389 368 2416 causas
396 2381 508 2417 mirae
537 2379 643 2418 fontis
672 2384 821 2418 naturae
850 2380 1014 2425 explicet,
1042 2379 1099 2424 lV,
1130 2382 1193 2417 30.
1225 2380 1442 2424 eundemque
1470 2378 1550 2413 dili·

242 2437 386 2479 gentem
414 2436 672 2480 speculatorem
699 2440 846 2473 naturae
874 2434 993 2478 fuisse,
1030 2435 1136 2470 etiam
1164 2436 1389 2480 cognovimus
1417 2444 1462 2469 ex
1490 2444 1547 2477 ep.

241 2488 325 2533 Vlll,
358 2490 379 2525 8
411 2493 447 2526 et
474 2490 558 2536 Vlll,
588 2491 651 2529 20.

1332 2551 1352 2583 2
