1719 2649
838 135 888 172 29

213 256 582 303 quantulumcumque
604 258 645 291 ut
676 255 864 291 relicturus
900 254 987 290 satis
1020 253 1145 297 habet;
1180 255 1265 297 tunc
1292 254 1389 299 deos,
1432 258 1516 291 tunc

214 312 457 349 hominemne
486 318 562 346 ene
588 310 784 348 meminit“.
841 309 922 352 VII,
952 309 1017 354 26,
1040 308 1082 344 2.
1138 308 1251 353 Quam
1286 310 1516 347 memorabile

213 366 298 408 hoc,
338 364 440 407 cnjus
479 364 612 399 nullum
632 364 876 400 christianum
915 363 1069 408 pudeat:
1115 362 1382 407 „animadverto
1423 365 1516 400 enim

214 419 322 455 etiam
349 417 435 453 deos
461 417 557 463 ipsos
584 427 655 454 non
682 421 755 455 tam
782 418 956 454 accuratis
982 417 1205 454 adorantium
1231 416 1397 463 precibus
1412 428 1516 463 quam

212 472 414 509 innocentia
449 475 498 508 et·
519 473 706 510 sanctitate
745 473 874 509 laetari
915 473 1174 518 gratioremque
1211 473 1417 517 existimari,
1456 473 1517 517 qui

213 526 368 564 delubris
396 535 517 563 eorum
544 536 669 571 puram
695 530 895 572 castamque
921 530 1088 570 mentem,
1133 536 1237 572 quam
1270 528 1331 572 qui
1367 526 1517 563 medita-

211 585 285 618 tum
313 590 453 618 carmen
483 581 678 625 intulerit“‚
709 591 837 626 paneg.
864 582 890 617 '3
921 584 1010 618 extr.

321 636 427 672 Dicet
464 645 547 672 vero
585 636 723 680 aliquis,
763 635 915 672 Plinium
954 635 1021 671 hoc
1056 645 1129 672 non
1163 639 1236 672 tam
1272 639 1372 672 certa
1405 636 1514 671 animi

212 690 438 735 persuasione
466 689 510 725 de
551 690 586 725 vi
624 689 767 725 deorum
799 693 996 734 permotum
1032 688 1173 733 fecisse3
1215 699 1320 734 quam
1356 692 1512 725 veterem

218 743 504 780 consuetudinem
532 752 555 779 a
582 743 772 788 majoribus
798 743 845 779 ad
873 744 946 788 ejus
973 746 1125 779 aetatem
1153 743 1321 779 traditam
1355 747 1512 779 secutum

212 808 301 835 esse.
358 797 397 833 Si
431 807 517 833 vero
556 797 736 834 nobiscum
777 798 1066 843 reputaverimus,
1100 797 1253 833 Plinium
1286 807 1408 834 veram
1442 798 1512 833 sin-

210 861 397 896 ceramque
433 852 603 896 pietatem
630 852 773 897 Trajani
800 853 896 888 omni
923 853 1106 889 occasione
1142 852 1318 897 laudasse,
1365 852 1448 897 quia
1475 855 1513 888 et

208 907 303 942 intcr
328 905 524 942 venandum
550 907 613 951 pia
638 910 756 943 mente
783 907 917 951 templa
945 910 982 944 et
1008 906 1140 942 sacella
1159 906 1329 943 audiisset
1342 909 1380 942 et
1399 906 1513 942 numi-

208 960 311 997 nibus
348 964 567 997 occursasset
602 971 728 1006 paneg,
760 962 822 1005 81,
859 962 942 1006 quia
978 960 1125 997 delubra
1161 961 1307 997 deorum
1341 970 1413 996 non
1442 960 1512 997 nisi

208 1014 418 1051 adoraturus
445 1015 620 1050 intrasset.
647 1025 774 1060 paneg.
806 1016 870 1058 52,
899 1015 982 1060 quia
1008 1025 1195 1060 perpessus
1222 1018 1316 1051 esset
1340 1015 1378 1051 in
1398 1015 1510 1051 comi-

210 1069 269 1104 tiis
297 1068 440 1113 longum
467 1068 555 1104 illud
582 1078 724 1105 carmen
751 1070 971 1105 comitiorum
998 1079 1063 1105 nec
1086 1070 1161 1113 jam
1187 1068 1411 1105 invidendam
1437 1078 1513 1104 mo-

208 1131 284 1158 ram
323 1131 451 1168 paneg.
497 1123 561 1160 63.
599 1122 892 1166 dubitabimusne‚
935 1123 1018 1168 quin
1046 1126 1081 1159 et
1107 1124 1183 1169 ipse
1211 1132 1346 1159 summa
1379 1125 1416 1158 et
1442 1123 1512 1158 sin-

209 1187 292 1213 cera
318 1178 452 1222 pictate
482 1187 569 1222 erga
597 1177 682 1214 deos
710 1178 862 1215 imbutus
888 1176 1021 1216 fuerit?
1061 1178 1118 1213 An
1147 1178 1332 1214 credamus
1357 1177 1511 1213 Plinium

207 1241 286 1267 eam
322 1232 493 1275 pietatem
531 1232 685 1276 Trajano
720 1232 818 1268 laudi
853 1232 1002 1274 dedisse,
1037 1232 1105 1266 nisi
1141 1232 1217 1276 ipse
1252 1231 1344 1267 hanc
1378 1230 1510 1267 homini

205 1285 299 1321 bono
327 1285 534 1330 virtutisque
561 1287 717 1323 consorti
745 1285 1141 1322 accommodatissimam
1169 1284 1352 1321 duxisset?

313 1339 368 1374 De
397 1340 661 1376 immortalitate
689 1350 774 1376 vero
804 1340 962 1384 eandem,
990 1349 1094 1384 quam
1121 1349 1243 1375 omnes
1269 1338 1346 1375 fere
1361 1342 1511 1381 veteres,

205 1393 414 1429 sententiam
441 1392 575 1438 habuit,
604 1403 682 1429 eam
710 1394 802 1430 enim
830 1404 900 1430 non
926 1394 963 1430 in
991 1394 1063 1431 vita
1089 1396 1171 1438 post
1184 1396 1334 1430 mortem
1350 1396 1510 1437 aeterna,

204 1447 267 1483 sed
294 1448 331 1483 in
359 1447 473 1492 gloria
500 1451 538 1483 et
564 1449 735 1484 memoria
767 1449 986 1493 posteritatis
1021 1458 1097 1484 esse
1134 1449 1285 1492 positam
1318 1447 1511 1483 arbitratus

205 1504 270 1537 est.
307 1501 472 1547 Legimus
500 1502 593 1537 enim
604 1511 661 1547 ep.
689 1502 754 1544 IX,
787 1504 826 1538 3:
856 1502 1009 1547 „etenim
1037 1512 1157 1539 omnes
1184 1502 1345 1539 homines
1356 1501 1511 1538 arbitror

204 1558 370 1601 oportere
397 1559 458 1591 aut
484 1556 784 1593 immortalitatem
818 1567 918 1592 suam
955 1560 1016 1592 aut
1052 1557 1304 1593 mortalitatem
1339 1557 1509 1601 cogitare,

208 1613 244 1645 et
272 1610 352 1645 illos
380 1609 519 1654 quidem
548 1610 761 1646 contendere
798 1610 894 1654 eniti,
929 1610 993 1646 hos
1030 1611 1224 1655 quiescere,
1257 1611 1402 1653 remitti,
1443 1620 1510 1646 nec

208 1663 352 1700 brevem
379 1664 487 1700 vitam
524 1663 665 1700 caducis
702 1664 881 1701 laboribus
917 1663 1157 1709 defatigare“;
1195 1665 1238 1709 V,
1269 1665 1305 1708 5,
1338 1666 1386 1702 7:
1423 1674 1510 1709 „oc-

205 1721 347 1753 cursant
396 1718 513 1753 animo
550 1727 629 1753 mea
671 1719 880 1761 mortalitas,
918 1728 998 1753 mea
1032 1719 1183 1762 scripta;
1227 1718 1388 1762 proinde,
1425 1718 1508 1754 dum

205 1770 409 1816 suppeditat
435 1771 517 1815 vita,
546 1772 721 1808 enitamur
746 1775 786 1808 ut
812 1782 906 1808 mors
934 1781 1039 1817 quam
1065 1772 1289 1818 paucissima,
1326 1781 1416 1817 quae
1444 1771 1507 1808 ab·

206 1825 303 1862 olere
330 1826 456 1870 possit,
495 1826 674 1862 inveniat‘·
707 1829 744 1863 et
769 1828 805 1863 in
832 1828 1045 1872 panegyrico
1075 1827 1125 1863 63
1155 1826 1278 1863 laudat
1304 1826 1506 1871 Trajanum,

207 1879 302 1924 quod
330 1880 480 1915 comitiis
507 1878 667 1916 interfuit
694 1881 900 1917 candidatus
935 1891 1005 1917 non
1039 1884 1112 1916 tam
1145 1881 1357 1924 consulatus,
1401 1890 1505 1925 quam

207 1933 482 1971 immortalitatis
509 1937 546 1972 et
573 1934 746 1981 gloriae“.

317 1989 535 2034 Quamquam
562 1999 648 2026 vero
676 1990 810 2026 Plinius
836 1990 1137 2027 immortalitatem
1163 2000 1229 2035 pro
1262 1989 1400 2026 virtutis
1433 1992 1504 2025 stu-

206 2042 413 2087 diorumque
455 2044 613 2087 praemio
655 2043 780 2080 habuit
817 2047 855 2080 et
881 2044 918 2079 in
958 2040 1075 2089 gloria
1114 2044 1245 2089 posuit,
1295 2046 1332 2078 et
1371 2042 1504 2078 amicos

202 2095 431 2133 vehementer
458 2096 664 2133 exhortatus
692 2102 757 2142 est,
787 2101 828 2134 ut
854 2099 888 2134 ei
915 2098 1110 2140 studerent,
1138 2100 1257 2133 tamen
1283 2106 1354 2132 non
1366 2097 1502 2139 statuit,

203 2159 284 2186 eam
311 2151 433 2196 quovis
460 2151 564 2187 modo
593 2160 670 2187 esse
698 2152 942 2197 expetendam,
979 2152 1129 2196 gloriam
1171 2151 1265 2187 enim
1291 2150 1393 2185 malis
1418 2150 1503 2186 arti-

202 2203 267 2240 bus
295 2207 537 2250 comparatam
564 2205 741 2250 vituperat
768 2215 879 2251 aeque
905 2216 947 2242 ac
964 2206 1105 2242 nimiam
1124 2205 1352 2250 cupiditatem
1363 2200 1503 2249 gloriae

203 2260 240 2294 et
266 2257 419 2295 fructum
446 2259 640 2295 honestatis
667 2261 704 2296 in
742 2261 955 2297 conscientia
991 2258 1185 2307 officiorum
1222 2258 1423 2295 collocabat
1456 2257 1502 2295 cf.

202 2311 233 2355 I,
263 2314 301 2355 8,
336 2314 403 2349 14:
434 2313 651 2355 „Praeterea
677 2315 905 2358 meminimus,
934 2317 1065 2360 quanto
1092 2314 1226 2359 majore
1259 2312 1376 2350 animo
1410 2311 1503 2350 fruc-

202 2368 259 2402 tus
286 2366 485 2404 honestatis
512 2368 548 2404 in
576 2369 790 2406 conscientia
818 2378 922 2414 quam
948 2369 984 2405 in
1011 2367 1107 2405 fama
1133 2370 1338 2414 reponatur.
1394 2367 1502 2414 Sequi

201 2421 293 2457 enim
320 2418 448 2468 gloria,
477 2432 548 2459 non
576 2423 697 2469 adpeti
722 2424 829 2461 debet
854 2433 921 2460 nec
948 2425 978 2460 si
1005 2433 1089 2459 casu
1115 2419 1238 2469 aliquo
1271 2432 1342 2460 non
1377 2432 1502 2468 sequa-

199 2477 272 2518 tur,
304 2477 437 2513 idcirco
467 2477 560 2522 quod
586 2473 735 2522 gloriam
763 2479 902 2520 meruit,
932 2479 1045 2514 minus
1071 2478 1255 2523 pulchrum
1281 2479 1370 2515 est.“
