1719 2649
858 96 909 132 28

227 216 404 259 certisque
432 212 776 251 fortunaecasibus.
833 213 911 257 Quo
938 210 1162 257 factumest,
1189 216 1230 249 ut
1256 215 1384 254 essent,
1414 215 1451 247 et
1473 213 1533 257 qui

226 270 293 305 diis
320 278 492 305 summam
519 276 640 303 curam
667 278 787 304 rerum
827 267 1058 304 humanarum
1096 266 1353 312 maximamque
1395 266 1534 312 sapien-

224 324 312 360 tiam
340 324 376 359 in
404 323 448 358 iis
476 322 714 367 gubernandis
749 322 957 365 tribuerent,
993 326 1029 358 et
1064 321 1124 366 qui
1159 321 1322 358 altiorem
1359 321 1533 366 quandam

227 379 372 414 deorum
400 377 610 421 potentiam,
652 378 810 422 regimen
837 376 1014 421 quoddam
1042 376 1196 412 divinum
1222 375 1453 420 pertinaciter
1477 385 1534 412 re-

225 435 391 469 cusarent
418 431 546 476 quique
575 431 694 467 omnia
722 442 742 468 e
770 434 917 468 naturae
944 429 1045 467 firmo
1072 433 1179 475 atque
1214 432 1381 467 consueto
1408 430 1534 467 ordine

225 486 304 523 fieri
332 487 491 522 dicerent
518 486 742 531 omniumque
770 497 888 522 rerum
916 486 1055 522 ultimas
1083 494 1207 521 causas
1233 486 1270 520 in
1305 484 1411 521 rebus
1448 485 1534 526 ipsis

225 543 340 577 inesse
369 541 488 585 itaque
516 540 605 575 nihil
633 540 790 576 tenebris
827 540 1028 577 obvolutum
1061 542 1240 584 putarent,
1276 548 1390 585 neque
1424 538 1536 575 homi-

226 605 308 631 nem
337 595 383 630 ad
411 594 574 631 altiorem
604 595 780 639 quendam
808 594 925 638 finem,
966 595 1034 631 nisi
1072 594 1117 631 ad
1152 593 1245 630 hane
1285 594 1395 630 vitam
1421 594 1535 639 ipsam

227 651 439 686 destinatum
468 659 544 685 esse
574 653 611 685 et
638 652 720 693 post
747 653 897 686 mortem
924 649 1011 685 nihil
1048 650 1248 684 secuturum
1283 648 1347 683 sed
1382 649 1535 684 animum

226 714 297 739 una
324 713 403 738 cum
431 712 582 747 corpore
611 703 834 739 interiturum
863 713 939 739 esse
976 712 1182 747 persuasum
1217 701 1401 738 haberent.
1459 702 1537 746 Qua

228 758 371 803 quidem
400 757 577 793 sententia
604 756 726 793 confisi
753 756 791 792 hi
818 757 950 793 nullam
982 757 1091 793 aliam
1127 756 1427 793 immortalitatem
1465 759 1536 792 sta·

226 815 380 854 tuen-unt,
426 812 495 847 nisi
523 821 613 856 quae
642 811 828 848 virtutibus
855 822 897 848 ac
925 812 1059 848 meritis
1085 811 1143 848 vel
1170 811 1214 847 de
1242 811 1360 856 patria
1397 810 1455 847 vel
1491 810 1535 846 de

226 867 355 903 litteris
382 866 440 902 vel
468 866 512 902 de
542 866 664 902 amicis
692 869 728 902 et
755 867 825 901 suis
852 869 958 911 parta
983 867 1021 901 in
1054 866 1227 902 memoria
1261 868 1298 901 et
1336 865 1535 910 aequalium

230 924 266 957 et
293 923 517 966 posterorum
545 920 797 957 contineretur.
855 921 958 956 Hanc
985 929 1070 957 vero
1099 920 1299 965 opinionem
1328 923 1365 956 et
1400 923 1536 964 tempo-

226 975 324 1011 ribus
351 975 406 1010 rei
432 975 596 1019 publicae
626 975 791 1010 extremis
827 978 864 1010 et
899 975 1050 1010 maxime
1086 984 1129 1011 eo
1166 974 1320 1018 saeculo,
1368 983 1436 1018 quo
1465 974 1537 1009 Pli-

227 1031 305 1065 nius
333 1029 472 1072 vixerit,
499 1028 745 1073 pervulgatam
774 1038 862 1070 esse,
903 1039 1008 1073 quum
1036 1029 1104 1064 viri
1130 1028 1322 1064 doctissimi
1350 1028 1406 1064 vel
1433 1037 1535 1072 prae-

226 1084 339 1127 ceptis
366 1082 658 1127 philosophorum
686 1081 863 1127 perducti,
908 1083 966 1119 vel
1002 1083 1130 1118 amissa
1170 1082 1334 1118 libertate
1376 1084 1532 1126 torpore,

225 1137 386 1181 mollitia,
416 1137 560 1173 levitate
590 1136 907 1183 desperationeque
935 1135 1041 1174 fracti
1068 1138 1240 1182 majorum
1270 1136 1462 1173 sententias
1491 1135 1535 1172 de

226 1192 397 1236 regimine
427 1191 574 1227 deorum
600 1194 778 1236 tamquam
807 1192 1051 1236 supertitiosas
1079 1192 1300 1236 abjecissent,
1329 1201 1372 1226 ex
1395 1191 1535 1234 scriptis

227 1246 420 1289 Ciceronis,
476 1245 645 1287 Senecae,
673 1242 790 1281 Taciti
814 1246 1023 1290 intelligitur
1050 1243 1094 1281 cf.
1125 1245 1244 1281 Haase
1281 1245 1318 1280 in
1354 1254 1532 1280 commen-

226 1299 420 1336 tationibus
464 1299 508 1335 de
550 1299 666 1335 Taciti
717 1300 789 1337 vita
830 1300 972 1344 ingenio
1027 1300 1168 1344 scriptis
1222 1309 1304 1344 pag.
1334 1299 1455 1335 XXVI
1498 1302 1535 1334 et

227 1364 323 1397 sequ.
381 1353 534 1388 Plinium
561 1363 658 1395 vero,
697 1363 907 1398 quamquam
945 1357 982 1389 et
1009 1354 1167 1398 aequalis
1202 1356 1239 1389 et
1274 1353 1469 1388 simillimus
1497 1355 1533 1388 et

227 1407 458 1444 amicissimus
485 1406 610 1443 Tacito
639 1405 718 1450 fuit,
760 1407 867 1444 aliam
910 1417 1057 1453 eamque
1100 1408 1289 1444 rectiorem
1331 1408 1533 1452 opinionem

229 1463 273 1498 de
301 1463 337 1498 vi
365 1465 401 1496 et
429 1462 590 1506 potentia
619 1461 764 1497 deorum
792 1462 839 1497 ad
866 1472 924 1497 res
945 1462 1116 1498 humanas
1131 1462 1294 1498 habuisse
1311 1461 1532 1497 contendam.

227 1517 321 1552 Nam
350 1525 429 1551 eum
456 1515 554 1550 illam
600 1515 740 1560 quidem
781 1516 953 1560 majorum
993 1517 1287 1561 praestantiorem
1324 1516 1533 1552 sententiam

229 1571 343 1615 pluris
372 1570 637 1613 existimavisse‚
678 1579 783 1614 quam
810 1570 902 1606 hanc
932 1570 1143 1607 deteriorem
1172 1571 1239 1606 etsi
1266 1572 1442 1614 usitatam,
1482 1570 1534 1605 in·

227 1624 417 1668 telligimus
441 1633 460 1659 e
474 1624 703 1668 panegyrico,
734 1625 794 1669 qui
807 1623 861 1659 his
888 1624 1005 1660 verbis
1032 1624 1157 1669 incipit
1186 1625 1300 1669 „bene
1328 1634 1370 1660 ac
1397 1624 1532 1669 sapien·

227 1682 285 1715 ter
311 1679 464 1721 majores
500 1678 739 1722 instituerunt,
785 1681 824 1714 ut
850 1688 970 1714 rerum
997 1679 1224 1723 agendarum,
1264 1680 1316 1714 ita
1345 1679 1484 1714 dicendi
1512 1688 1534 1713 a

226 1731 492 1776 precationibus
521 1741 661 1775 capere,
690 1731 785 1776 quod
812 1732 900 1767 nihil
925 1733 1005 1776 rite,
1041 1732 1129 1767 nihil
1160 1732 1390 1777 providenter
1423 1731 1534 1767 homi-

229 1795 292 1821 nes
322 1786 397 1821 sine
427 1784 574 1821 deorum
602 1785 854 1821 immortalium
895 1795 975 1831 ope,
1011 1786 1170 1831 consilio,
1205 1786 1340 1823 honore
1376 1787 1535 1832 auspica-

225 1842 373 1876 rentur“
433 1848 524 1884 quae
579 1840 738 1884 precatio
794 1840 872 1884 ipsa
931 1842 1091 1884 sequitur
1141 1841 1280 1886 (eodem
1336 1841 1417 1877 loco
1472 1840 1535 1876 ali·

227 1903 297 1929 nea
330 1892 406 1938 18).
464 1892 547 1929 Alio
584 1903 669 1929 vero
703 1893 783 1929 loco
820 1893 905 1929 deos
939 1892 1144 1930 fundatores
1181 1893 1356 1931 libertatis
1398 1893 1536 1931 redem-

226 1950 311 1994 ptae
339 1946 509 1990 nominat,
538 1957 667 1993 paneg.
696 1948 749 1983 8:
792 1957 887 1993 „qua
923 1947 1145 1994 (adoptione)
1179 1949 1323 1986 tandem
1357 1959 1428 1986 non
1463 1959 1536 1985 ser-

226 2003 318 2039 vitus
346 2004 469 2037 nostra
495 2002 559 2037 sed
585 2002 731 2038 libertas
760 2005 796 2037 et
823 2003 917 2038 salus
944 2006 980 2038 et
1008 2004 1176 2039 securitas
1202 2002 1426 2040 fundabatur.
1459 2002 1535 2039 Sibi

229 2053 323 2092 enim
351 2056 503 2100 gloriam
543 2056 641 2091 illam
684 2055 733 2091 dii
775 2056 1058 2101 vindicaverunt3
1100 2057 1225 2094 horum
1268 2066 1387 2102 opus,v
1409 2057 1533 2093 horum

225 2109 315 2146 illud
343 2109 541 2154 imperium,
570 2110 691 2145 Nerva
718 2113 854 2146 tantum
882 2111 1041 2147 minister
1075 2110 1179 2147 fuit“.
1237 2111 1376 2156 Quanta
1416 2113 1533 2147 autem

226 2164 363 2209 pietate
394 2173 568 2208 quamque
596 2164 761 2208 religiose
796 2167 961 2209 precatus
989 2165 1035 2200 sit
1063 2165 1184 2202 diebus
1205 2163 1342 2201 feriatis
1371 2165 1467 2209 deos,
1494 2167 1534 2201 ut

224 2217 428 2262 Traianum,
467 2218 719 2262 imperatorem
748 2219 928 2263 optimum,
967 2220 1063 2264 cujus
1100 2220 1137 2255 in
1173 2220 1286 2256 salute
1314 2219 1461 2256 tutelam
1496 2222 1532 2255 et

224 2272 453 2308 securitatem
479 2272 619 2317 generis
646 2272 790 2308 humani
815 2274 968 2317 positam
1002 2283 1078 2310 esse
1116 2273 1368 2316 arbitrabatur,
1405 2272 1532 2310 floren-

224 2330 295 2363 tem
330 2326 610 2372 incolumemque
656 2330 848 2371 servarent,
894 2329 1059 2372 cognosci
1094 2331 1213 2373 potest
1248 2338 1292 2364 ex
1327 2338 1383 2373 ep.
1413 2328 1459 2371 X,
1502 2330 1530 2372 l,

224 2383 260 2425 2,
295 2381 355 2423 13,
391 2382 450 2424 14,
481 2381 544 2423 51,
577 2382 639 2425 35,
671 2381 733 2419 52.
791 2382 903 2426 Quam
938 2383 1161 2427 praeclarum
1195 2382 1300 2419 illud:
1342 2381 1530 2426 „Infirmus

224 2445 295 2471 non
333 2435 510 2472 amoribus
551 2437 670 2481 servit,
713 2446 782 2472 non
827 2437 964 2481 adpetit
998 2437 1150 2474 honores
1185 2447 1271 2482 opes
1305 2437 1452 2482 negligit
1493 2441 1530 2473 et
