<?xml version="1.0" encoding="UTF-8"?>
<!DOCTYPE html PUBLIC "-//W3C//DTD XHTML 1.0 Transitional//EN"
    "http://www.w3.org/TR/xhtml1/DTD/xhtml1-transitional.dtd">
<html xmlns="http://www.w3.org/1999/xhtml" xml:lang="en" lang="en">
 <head>
  <title>
</title>
<meta http-equiv="Content-Type" content="text/html;charset=utf-8" />
  <meta name='ocr-system' content='tesseract 3.04.00' />
  <meta name='ocr-capabilities' content='ocr_page ocr_carea ocr_par ocr_line ocrx_word'/>
</head>
<body>
  <div class='ocr_page' id='page_1' title='image "4737246_0018.png"; bbox 0 0 1719 2649; ppageno 0'>
   <div class='ocr_carea' id='block_1_1' title="bbox 830 103 854 140">
    <p class='ocr_par' dir='ltr' id='par_1_1' title="bbox 830 103 854 140">
     <span class='ocr_line' id='line_1_1' title="bbox 830 103 854 140; baseline 0 0"><span class='ocrx_word' id='word_1_1' title='bbox 830 103 854 140; x_wconf 90' lang='grc'><strong>8</strong></span> 
     </span>
    </p>
   </div>
   <div class='ocr_carea' id='block_1_2' title="bbox 713 156 974 162">
    <p class='ocr_par' dir='ltr' id='par_1_2' title="bbox 713 156 974 162">
     <span class='ocr_line' id='line_1_2' title="bbox 713 156 974 162; baseline 0 0"><span class='ocrx_word' id='word_1_2' title='bbox 713 156 974 162; x_wconf 95' lang='lat' dir='ltr'> </span> 
     </span>
    </p>
   </div>
   <div class='ocr_carea' id='block_1_3' title="bbox 172 219 1496 806">
    <p class='ocr_par' dir='ltr' id='par_1_3' title="bbox 172 219 1496 806">
     <span class='ocr_line' id='line_1_3' title="bbox 175 219 1496 261; baseline 0.003 -4"><span class='ocrx_word' id='word_1_3' title='bbox 175 220 359 257; x_wconf 81' lang='lat' dir='ltr'>NERVA.</span> <span class='ocrx_word' id='word_1_4' title='bbox 389 219 592 258; x_wconf 82' lang='lat' dir='ltr'>TRAIano.</span> <span class='ocrx_word' id='word_1_5' title='bbox 637 220 750 259; x_wconf 84' lang='lat' dir='ltr'>AVG.</span> <span class='ocrx_word' id='word_1_6' title='bbox 796 220 1085 259; x_wconf 85' lang='lat' dir='ltr'>GERMANICO</span> <span class='ocrx_word' id='word_1_7' title='bbox 1114 221 1238 258; x_wconf 86' lang='lat' dir='ltr'>dacico</span> <span class='ocrx_word' id='word_1_8' title='bbox 1263 222 1424 259; x_wconf 82' lang='lat' dir='ltr'>missus.“</span> <span class='ocrx_word' id='word_1_9' title='bbox 1458 228 1496 261; x_wconf 89' lang='lat' dir='ltr'>et</span> 
     </span>
     <span class='ocr_line' id='line_1_4' title="bbox 173 274 1494 321; baseline 0.002 -10"><span class='ocrx_word' id='word_1_10' title='bbox 173 276 281 321; x_wconf 86' lang='lat' dir='ltr'>paulo</span> <span class='ocrx_word' id='word_1_11' title='bbox 309 274 478 313; x_wconf 73' lang='lat' dir='ltr'>inferiusz</span> <span class='ocrx_word' id='word_1_12' title='bbox 527 275 722 318; x_wconf 81' lang='lat' dir='ltr'>„Thermas</span> <span class='ocrx_word' id='word_1_13' title='bbox 760 287 804 313; x_wconf 84' lang='lat' dir='ltr'>ex</span> <span class='ocrx_word' id='word_1_14' title='bbox 849 277 972 315; x_wconf 80' lang='lat' dir='ltr'><strong>HS...</strong></span> <span class='ocrx_word' id='word_1_15' title='bbox 1003 276 1215 321; x_wconf 81' lang='lat' dir='ltr'>adjectis...</span> <span class='ocrx_word' id='word_1_16' title='bbox 1244 278 1281 313; x_wconf 93' lang='lat' dir='ltr'>in</span> <span class='ocrx_word' id='word_1_17' title='bbox 1331 281 1494 314; x_wconf 89' lang='lat' dir='ltr'>ornatum</span> 
     </span>
     <span class='ocr_line' id='line_1_5' title="bbox 173 330 1489 379; baseline 0.001 -13"><span class='ocrx_word' id='word_1_18' title='bbox 173 330 247 367; x_wconf 86' lang='lat' dir='ltr'>HS.</span> <span class='ocrx_word' id='word_1_19' title='bbox 277 330 364 367; x_wconf 86' lang='lat' dir='ltr'>CCC</span> <span class='ocrx_word' id='word_1_20' title='bbox 393 334 430 366; x_wconf 89' lang='lat' dir='ltr'>et</span> <span class='ocrx_word' id='word_1_21' title='bbox 455 331 581 366; x_wconf 81' lang='lat' dir='ltr'><strong>statuis</strong></span> <span class='ocrx_word' id='word_1_22' title='bbox 610 330 666 379; x_wconf 89' lang='lat'>(3)</span> <span class='ocrx_word' id='word_1_23' title='bbox 696 332 931 376; x_wconf 59' lang='lat' dir='ltr'>ampliusm.</span> <span class='ocrx_word' id='word_1_24' title='bbox 958 332 996 367; x_wconf 90' lang='lat' dir='ltr'>in</span> <span class='ocrx_word' id='word_1_25' title='bbox 1009 332 1156 367; x_wconf 88' lang='lat' dir='ltr'>tutelam</span> <span class='ocrx_word' id='word_1_26' title='bbox 1180 331 1252 367; x_wconf 89' lang='lat' dir='ltr'>HS.</span> <span class='ocrx_word' id='word_1_27' title='bbox 1274 331 1342 369; x_wconf 82' lang='lat' dir='ltr'>GC.</span> <span class='ocrx_word' id='word_1_28' title='bbox 1360 332 1489 369; x_wconf 81' lang='lat' dir='ltr'>T.F.I“</span> 
     </span>
     <span class='ocr_line' id='line_1_6' title="bbox 174 383 1490 432; baseline 0.002 -12"><span class='ocrx_word' id='word_1_29' title='bbox 174 385 198 421; x_wconf 92' lang='lat' dir='ltr'>i.</span> <span class='ocrx_word' id='word_1_30' title='bbox 229 395 264 422; x_wconf 77' lang='lat' dir='ltr'>e,</span> <span class='ocrx_word' id='word_1_31' title='bbox 294 388 509 421; x_wconf 78' lang='lat' dir='ltr'>testamento</span> <span class='ocrx_word' id='word_1_32' title='bbox 557 383 635 422; x_wconf 89' lang='lat' dir='ltr'>fieri</span> <span class='ocrx_word' id='word_1_33' title='bbox 659 386 776 430; x_wconf 86' lang='lat' dir='ltr'>jussit.</span> <span class='ocrx_word' id='word_1_34' title='bbox 835 387 949 431; x_wconf 83' lang='lat' dir='ltr'>Quum</span> <span class='ocrx_word' id='word_1_35' title='bbox 992 396 1078 423; x_wconf 81' lang='lat' dir='ltr'>vero</span> <span class='ocrx_word' id='word_1_36' title='bbox 1105 386 1292 432; x_wconf 78' lang='lat' dir='ltr'>TraJanus,</span> <span class='ocrx_word' id='word_1_37' title='bbox 1348 387 1416 422; x_wconf 82' lang='lat' dir='ltr'>hac</span> <span class='ocrx_word' id='word_1_38' title='bbox 1452 387 1490 422; x_wconf 92' lang='lat' dir='ltr'>in</span> 
     </span>
     <span class='ocr_line' id='line_1_7' title="bbox 172 440 1493 485; baseline 0.002 -10"><span class='ocrx_word' id='word_1_39' title='bbox 172 440 401 484; x_wconf 52' lang='lat' dir='ltr'>inscriptione</span> <span class='ocrx_word' id='word_1_40' title='bbox 430 441 637 484; x_wconf 82' lang='lat' dir='ltr'>cognomine</span> <span class='ocrx_word' id='word_1_41' title='bbox 656 441 834 485; x_wconf 83' lang='lat' dir='ltr'>„Optimi“</span> <span class='ocrx_word' id='word_1_42' title='bbox 868 443 990 477; x_wconf 87' lang='lat' dir='ltr'>careat</span> <span class='ocrx_word' id='word_1_43' title='bbox 1016 440 1270 484; x_wconf 86' lang='lat' dir='ltr'>conjiciendum</span> <span class='ocrx_word' id='word_1_44' title='bbox 1300 444 1363 484; x_wconf 91' lang='lat' dir='ltr'>est,</span> <span class='ocrx_word' id='word_1_45' title='bbox 1400 441 1493 477; x_wconf 89' lang='lat' dir='ltr'>hunc</span> 
     </span>
     <span class='ocr_line' id='line_1_8' title="bbox 175 494 1493 540; baseline 0.002 -11"><span class='ocrx_word' id='word_1_46' title='bbox 175 494 319 530; x_wconf 87' lang='lat' dir='ltr'>titulum</span> <span class='ocrx_word' id='word_1_47' title='bbox 348 497 430 530; x_wconf 85' lang='lat' dir='ltr'>ante</span> <span class='ocrx_word' id='word_1_48' title='bbox 459 503 588 530; x_wconf 86' lang='lat' dir='ltr'>annum</span> <span class='ocrx_word' id='word_1_49' title='bbox 619 494 738 530; x_wconf 91' lang='lat' dir='ltr'>CXIII</span> <span class='ocrx_word' id='word_1_50' title='bbox 767 505 844 532; x_wconf 87' lang='lat' dir='ltr'>esse</span> <span class='ocrx_word' id='word_1_51' title='bbox 876 498 1080 539; x_wconf 73' lang='lat' dir='ltr'>exaratum,</span> <span class='ocrx_word' id='word_1_52' title='bbox 1106 504 1186 530; x_wconf 90' lang='lat' dir='ltr'>nam</span> <span class='ocrx_word' id='word_1_53' title='bbox 1217 494 1388 540; x_wconf 86' lang='lat' dir='ltr'>Trajanus</span> <span class='ocrx_word' id='word_1_54' title='bbox 1425 495 1493 531; x_wconf 86' lang='lat' dir='ltr'>hoe</span> 
     </span>
     <span class='ocr_line' id='line_1_9' title="bbox 174 549 1495 596; baseline 0.002 -11"><span class='ocrx_word' id='word_1_55' title='bbox 174 559 373 594; x_wconf 83' lang='lat' dir='ltr'>cognomen</span> <span class='ocrx_word' id='word_1_56' title='bbox 394 550 468 594; x_wconf 84' lang='lat' dir='ltr'>jam</span> <span class='ocrx_word' id='word_1_57' title='bbox 497 549 613 586; x_wconf 89' lang='lat' dir='ltr'>altero</span> <span class='ocrx_word' id='word_1_58' title='bbox 642 550 786 595; x_wconf 88' lang='lat' dir='ltr'>imperii</span> <span class='ocrx_word' id='word_1_59' title='bbox 822 561 915 587; x_wconf 86' lang='lat' dir='ltr'>anno</span> <span class='ocrx_word' id='word_1_60' title='bbox 958 560 980 586; x_wconf 82' lang='lat' dir='ltr'>a</span> <span class='ocrx_word' id='word_1_61' title='bbox 1026 553 1151 586; x_wconf 83' lang='lat' dir='ltr'>senatu</span> <span class='ocrx_word' id='word_1_62' title='bbox 1191 551 1394 596; x_wconf 86' lang='lat' dir='ltr'>populoque</span> <span class='ocrx_word' id='word_1_63' title='bbox 1422 550 1495 587; x_wconf 83' lang='lat' dir='ltr'>Ro-</span> 
     </span>
     <span class='ocr_line' id='line_1_10' title="bbox 172 603 1493 651; baseline 0.001 -11"><span class='ocrx_word' id='word_1_64' title='bbox 172 614 278 640; x_wconf 90' lang='lat' dir='ltr'>mano</span> <span class='ocrx_word' id='word_1_65' title='bbox 306 605 467 640; x_wconf 87' lang='lat' dir='ltr'>additum</span> <span class='ocrx_word' id='word_1_66' title='bbox 495 603 557 650; x_wconf 89' lang='lat' dir='ltr'>(cf.</span> <span class='ocrx_word' id='word_1_67' title='bbox 587 615 717 650; x_wconf 83' lang='lat' dir='ltr'>paneg.</span> <span class='ocrx_word' id='word_1_68' title='bbox 749 605 790 651; x_wconf 85' lang='lat'>2)</span> <span class='ocrx_word' id='word_1_69' title='bbox 820 606 881 641; x_wconf 92' lang='lat' dir='ltr'>diu</span> <span class='ocrx_word' id='word_1_70' title='bbox 912 606 1040 641; x_wconf 88' lang='lat' dir='ltr'>renuit.</span> <span class='ocrx_word' id='word_1_71' title='bbox 1098 604 1207 640; x_wconf 86' lang='lat' dir='ltr'>Aliud</span> <span class='ocrx_word' id='word_1_72' title='bbox 1244 615 1351 649; x_wconf 86' lang='lat' dir='ltr'>grave</span> <span class='ocrx_word' id='word_1_73' title='bbox 1389 615 1493 649; x_wconf 89' lang='lat' dir='ltr'>argu·</span> 
     </span>
     <span class='ocr_line' id='line_1_11' title="bbox 173 657 1492 703; baseline 0 -8"><span class='ocrx_word' id='word_1_74' title='bbox 173 662 328 695; x_wconf 91' lang='lat' dir='ltr'>mentum</span> <span class='ocrx_word' id='word_1_75' title='bbox 357 658 459 703; x_wconf 89' lang='lat' dir='ltr'>hujus</span> <span class='ocrx_word' id='word_1_76' title='bbox 486 657 727 703; x_wconf 86' lang='lat' dir='ltr'>inscriptionis</span> <span class='ocrx_word' id='word_1_77' title='bbox 763 663 817 695; x_wconf 92' lang='lat' dir='ltr'>est</span> <span class='ocrx_word' id='word_1_78' title='bbox 850 660 888 695; x_wconf 93' lang='lat' dir='ltr'>in</span> <span class='ocrx_word' id='word_1_79' title='bbox 915 663 1019 695; x_wconf 83' lang='lat' dir='ltr'>nota:</span> <span class='ocrx_word' id='word_1_80' title='bbox 1057 659 1099 696; x_wconf 85' lang='lat' dir='ltr'>T.</span> <span class='ocrx_word' id='word_1_81' title='bbox 1129 659 1171 694; x_wconf 90' lang='lat' dir='ltr'>F.</span> <span class='ocrx_word' id='word_1_82' title='bbox 1199 658 1227 695; x_wconf 92' lang='grc' dir='ltr'>Ι.</span> <span class='ocrx_word' id='word_1_83' title='bbox 1254 659 1279 694; x_wconf 93' lang='lat' dir='ltr'>i.</span> <span class='ocrx_word' id='word_1_84' title='bbox 1311 669 1343 696; x_wconf 87' lang='lat' dir='ltr'>e.</span> <span class='ocrx_word' id='word_1_85' title='bbox 1380 663 1492 695; x_wconf 88' lang='lat' dir='ltr'>testa-</span> 
     </span>
     <span class='ocr_line' id='line_1_12' title="bbox 173 711 1492 764; baseline 0 -15"><span class='ocrx_word' id='word_1_86' title='bbox 173 717 292 750; x_wconf 87' lang='lat' dir='ltr'>mento</span> <span class='ocrx_word' id='word_1_87' title='bbox 320 712 398 749; x_wconf 90' lang='lat' dir='ltr'>fieri</span> <span class='ocrx_word' id='word_1_88' title='bbox 422 713 545 757; x_wconf 86' lang='lat' dir='ltr'>jussit;</span> <span class='ocrx_word' id='word_1_89' title='bbox 592 724 636 749; x_wconf 87' lang='lat' dir='ltr'>ex</span> <span class='ocrx_word' id='word_1_90' title='bbox 679 724 749 759; x_wconf 88' lang='lat' dir='ltr'>qua</span> <span class='ocrx_word' id='word_1_91' title='bbox 777 723 991 759; x_wconf 84' lang='lat' dir='ltr'>cognoscere</span> <span class='ocrx_word' id='word_1_92' title='bbox 1019 723 1203 757; x_wconf 86' lang='lat' dir='ltr'>possumus</span> <span class='ocrx_word' id='word_1_93' title='bbox 1230 711 1394 764; x_wconf 64' lang='lat' dir='ltr'>Plinium)</span> <span class='ocrx_word' id='word_1_94' title='bbox 1417 715 1492 757; x_wconf 81' lang='lat' dir='ltr'>jam</span> 
     </span>
     <span class='ocr_line' id='line_1_13' title="bbox 172 767 886 806; baseline 0.001 -2"><span class='ocrx_word' id='word_1_95' title='bbox 172 771 256 804; x_wconf 85' lang='lat' dir='ltr'>ante</span> <span class='ocrx_word' id='word_1_96' title='bbox 283 778 414 804; x_wconf 90' lang='lat' dir='ltr'>annum</span> <span class='ocrx_word' id='word_1_97' title='bbox 442 767 561 804; x_wconf 82' lang='lat' dir='ltr'>CXIII</span> <span class='ocrx_word' id='word_1_98' title='bbox 590 778 667 804; x_wconf 88' lang='lat' dir='ltr'>esse</span> <span class='ocrx_word' id='word_1_99' title='bbox 697 772 886 806; x_wconf 85' lang='lat' dir='ltr'>mortuum.</span> 
     </span>
    </p>
   </div>
   <div class='ocr_carea' id='block_1_4' title="bbox 598 893 1088 946">
    <p class='ocr_par' dir='ltr' id='par_1_4' title="bbox 598 893 1088 946">
     <span class='ocr_line' id='line_1_14' title="bbox 598 893 1088 946; baseline 0.004 -12"><span class='ocrx_word' id='word_1_100' title='bbox 598 894 641 936; x_wconf 93' lang='lat' dir='ltr'>B.</span> <span class='ocrx_word' id='word_1_101' title='bbox 696 893 754 937; x_wconf 87' lang='lat' dir='ltr'>De</span> <span class='ocrx_word' id='word_1_102' title='bbox 784 896 874 936; x_wconf 87' lang='lat' dir='ltr'>vita</span> <span class='ocrx_word' id='word_1_103' title='bbox 911 895 1088 946; x_wconf 87' lang='lat' dir='ltr'>privata.</span> 
     </span>
    </p>
   </div>
   <div class='ocr_carea' id='block_1_5' title="bbox 172 984 1490 2487">
    <p class='ocr_par' dir='ltr' id='par_1_5' title="bbox 172 984 1490 1361">
     <span class='ocr_line' id='line_1_15' title="bbox 287 984 1488 1031; baseline 0 -11"><span class='ocrx_word' id='word_1_104' title='bbox 287 984 479 1029; x_wconf 87' lang='lat' dir='ltr'>Postquam</span> <span class='ocrx_word' id='word_1_105' title='bbox 507 995 592 1021; x_wconf 83' lang='lat' dir='ltr'>vero</span> <span class='ocrx_word' id='word_1_106' title='bbox 620 995 678 1021; x_wconf 91' lang='lat' dir='ltr'>res</span> <span class='ocrx_word' id='word_1_107' title='bbox 706 986 753 1022; x_wconf 83' lang='lat' dir='ltr'>ad</span> <span class='ocrx_word' id='word_1_108' title='bbox 781 986 889 1022; x_wconf 86' lang='lat' dir='ltr'>vitam</span> <span class='ocrx_word' id='word_1_109' title='bbox 917 985 1095 1031; x_wconf 82' lang='lat' dir='ltr'>publicam</span> <span class='ocrx_word' id='word_1_110' title='bbox 1126 986 1231 1021; x_wconf 91' lang='lat' dir='ltr'>Plinii</span> <span class='ocrx_word' id='word_1_111' title='bbox 1269 985 1488 1029; x_wconf 82' lang='lat' dir='ltr'>pertinentes</span> 
     </span>
     <span class='ocr_line' id='line_1_16' title="bbox 175 1040 1488 1084; baseline 0.002 -10"><span class='ocrx_word' id='word_1_112' title='bbox 175 1043 341 1075; x_wconf 88' lang='lat' dir='ltr'>accurate</span> <span class='ocrx_word' id='word_1_113' title='bbox 371 1041 732 1084; x_wconf 83' lang='lat' dir='ltr'>commemoravimus,</span> <span class='ocrx_word' id='word_1_114' title='bbox 761 1044 981 1077; x_wconf 82' lang='lat' dir='ltr'>transeamus</span> <span class='ocrx_word' id='word_1_115' title='bbox 1009 1041 1057 1077; x_wconf 90' lang='lat' dir='ltr'>ad</span> <span class='ocrx_word' id='word_1_116' title='bbox 1083 1041 1192 1077; x_wconf 84' lang='lat' dir='ltr'>vitam</span> <span class='ocrx_word' id='word_1_117' title='bbox 1221 1040 1295 1084; x_wconf 88' lang='lat' dir='ltr'>ejus</span> <span class='ocrx_word' id='word_1_118' title='bbox 1313 1041 1488 1084; x_wconf 86' lang='lat' dir='ltr'>privatam</span> 
     </span>
     <span class='ocr_line' id='line_1_17' title="bbox 179 1094 1488 1140; baseline 0 -10"><span class='ocrx_word' id='word_1_119' title='bbox 179 1095 313 1138; x_wconf 88' lang='lat' dir='ltr'>otiique</span> <span class='ocrx_word' id='word_1_120' title='bbox 325 1094 499 1130; x_wconf 89' lang='lat' dir='ltr'>rationem</span> <span class='ocrx_word' id='word_1_121' title='bbox 529 1098 565 1129; x_wconf 88' lang='lat' dir='ltr'>et</span> <span class='ocrx_word' id='word_1_122' title='bbox 580 1096 740 1130; x_wconf 88' lang='lat' dir='ltr'>instituta</span> <span class='ocrx_word' id='word_1_123' title='bbox 753 1096 1020 1139; x_wconf 84' lang='lat' dir='ltr'>perspiciamus,</span> <span class='ocrx_word' id='word_1_124' title='bbox 1053 1096 1276 1140; x_wconf 85' lang='lat' dir='ltr'>„voluptates</span> <span class='ocrx_word' id='word_1_125' title='bbox 1291 1095 1384 1130; x_wconf 90' lang='lat' dir='ltr'>euim</span> <span class='ocrx_word' id='word_1_126' title='bbox 1397 1099 1488 1138; x_wconf 89' lang='lat' dir='ltr'>sunt,</span> 
     </span>
     <span class='ocr_line' id='line_1_18' title="bbox 175 1148 1488 1194; baseline 0 -10"><span class='ocrx_word' id='word_1_127' title='bbox 175 1149 387 1192; x_wconf 81' lang='lat' dir='ltr'>voluptateS,</span> <span class='ocrx_word' id='word_1_128' title='bbox 418 1148 544 1193; x_wconf 90' lang='lat' dir='ltr'>quibus</span> <span class='ocrx_word' id='word_1_129' title='bbox 573 1150 705 1193; x_wconf 91' lang='lat' dir='ltr'>optime</span> <span class='ocrx_word' id='word_1_130' title='bbox 735 1149 778 1184; x_wconf 91' lang='lat' dir='ltr'>de</span> <span class='ocrx_word' id='word_1_131' title='bbox 795 1151 963 1194; x_wconf 81' lang='lat' dir='ltr'>qu‘usque</span> <span class='ocrx_word' id='word_1_132' title='bbox 980 1150 1167 1194; x_wconf 87' lang='lat' dir='ltr'>gravitate,</span> <span class='ocrx_word' id='word_1_133' title='bbox 1198 1149 1386 1184; x_wconf 85' lang='lat' dir='ltr'>sanctitate</span> <span class='ocrx_word' id='word_1_134' title='bbox 1401 1153 1488 1185; x_wconf 91' lang='lat' dir='ltr'>tem-</span> 
     </span>
     <span class='ocr_line' id='line_1_19' title="bbox 174 1203 1490 1248; baseline 0.001 -10"><span class='ocrx_word' id='word_1_135' title='bbox 174 1203 342 1248; x_wconf 84' lang='lat' dir='ltr'>perantia</span> <span class='ocrx_word' id='word_1_136' title='bbox 371 1203 540 1241; x_wconf 87' lang='lat' dir='ltr'>ereditur.</span> <span class='ocrx_word' id='word_1_137' title='bbox 597 1204 689 1240; x_wconf 86' lang='lat' dir='ltr'>Nam</span> <span class='ocrx_word' id='word_1_138' title='bbox 717 1204 795 1248; x_wconf 89' lang='lat' dir='ltr'>quis</span> <span class='ocrx_word' id='word_1_139' title='bbox 823 1205 913 1240; x_wconf 87' lang='lat' dir='ltr'>adeo</span> <span class='ocrx_word' id='word_1_140' title='bbox 944 1204 1142 1248; x_wconf 90' lang='lat' dir='ltr'>dissolutus,</span> <span class='ocrx_word' id='word_1_141' title='bbox 1171 1205 1269 1248; x_wconf 86' lang='lat' dir='ltr'>cujus</span> <span class='ocrx_word' id='word_1_142' title='bbox 1297 1214 1367 1239; x_wconf 94' lang='lat' dir='ltr'>non</span> <span class='ocrx_word' id='word_1_143' title='bbox 1388 1214 1490 1239; x_wconf 90' lang='lat' dir='ltr'>occu—</span> 
     </span>
     <span class='ocr_line' id='line_1_20' title="bbox 172 1257 1483 1302; baseline 0.001 -10"><span class='ocrx_word' id='word_1_144' title='bbox 172 1257 376 1302; x_wconf 87' lang='lat' dir='ltr'>pationibus</span> <span class='ocrx_word' id='word_1_145' title='bbox 413 1258 532 1302; x_wconf 88' lang='lat' dir='ltr'>aliqua</span> <span class='ocrx_word' id='word_1_146' title='bbox 559 1259 697 1302; x_wconf 89' lang='lat' dir='ltr'>species</span> <span class='ocrx_word' id='word_1_147' title='bbox 725 1260 923 1295; x_wconf 87' lang='lat' dir='ltr'>severitatis</span> <span class='ocrx_word' id='word_1_148' title='bbox 951 1258 1130 1295; x_wconf 78' lang='lat' dir='ltr'>insideat?</span> <span class='ocrx_word' id='word_1_149' title='bbox 1158 1260 1237 1295; x_wconf 90' lang='lat' dir='ltr'>Otio</span> <span class='ocrx_word' id='word_1_150' title='bbox 1267 1258 1483 1302; x_wconf 86' lang='lat' dir='ltr'>prodimur.“</span> 
     </span>
     <span class='ocr_line' id='line_1_21' title="bbox 172 1311 428 1361; baseline 0 -13"><span class='ocrx_word' id='word_1_151' title='bbox 172 1311 316 1361; x_wconf 87' lang='lat' dir='ltr'>(paneg.</span> <span class='ocrx_word' id='word_1_152' title='bbox 348 1312 428 1357; x_wconf 88' lang='grc'><strong>82).</strong></span> 
     </span>
    </p>

    <p class='ocr_par' dir='ltr' id='par_1_6' title="bbox 174 1366 1490 2386">
     <span class='ocr_line' id='line_1_22' title="bbox 281 1366 1489 1410; baseline -0.001 -9"><span class='ocrx_word' id='word_1_153' title='bbox 281 1366 379 1401; x_wconf 89' lang='lat' dir='ltr'>Duas</span> <span class='ocrx_word' id='word_1_154' title='bbox 406 1376 534 1402; x_wconf 85' lang='lat' dir='ltr'>uxores</span> <span class='ocrx_word' id='word_1_155' title='bbox 563 1367 663 1402; x_wconf 87' lang='lat' dir='ltr'>duxit</span> <span class='ocrx_word' id='word_1_156' title='bbox 698 1367 847 1410; x_wconf 86' lang='lat' dir='ltr'>Plinius;</span> <span class='ocrx_word' id='word_1_157' title='bbox 898 1367 1047 1402; x_wconf 88' lang='lat' dir='ltr'>alteram</span> <span class='ocrx_word' id='word_1_158' title='bbox 1076 1367 1280 1401; x_wconf 86' lang='lat' dir='ltr'>Domitiano</span> <span class='ocrx_word' id='word_1_159' title='bbox 1313 1366 1388 1409; x_wconf 78' lang='lat' dir='ltr'>Jam</span> <span class='ocrx_word' id='word_1_160' title='bbox 1434 1376 1489 1401; x_wconf 88' lang='lat' dir='ltr'>re-</span> 
     </span>
     <span class='ocr_line' id='line_1_23' title="bbox 174 1417 1488 1464; baseline -0.001 -9"><span class='ocrx_word' id='word_1_161' title='bbox 174 1423 304 1464; x_wconf 85' lang='lat' dir='ltr'>gnante</span> <span class='ocrx_word' id='word_1_162' title='bbox 345 1420 485 1456; x_wconf 87' lang='lat' dir='ltr'>duxisse</span> <span class='ocrx_word' id='word_1_163' title='bbox 522 1420 672 1464; x_wconf 89' lang='lat' dir='ltr'>videtur,</span> <span class='ocrx_word' id='word_1_164' title='bbox 714 1430 795 1455; x_wconf 89' lang='lat' dir='ltr'>nam</span> <span class='ocrx_word' id='word_1_165' title='bbox 823 1421 871 1462; x_wconf 88' lang='lat' dir='ltr'>X,</span> <span class='ocrx_word' id='word_1_166' title='bbox 902 1422 924 1456; x_wconf 91' lang='lat'>2</span> <span class='ocrx_word' id='word_1_167' title='bbox 973 1417 1197 1464; x_wconf 88' lang='lat' dir='ltr'>„tristissimo</span> <span class='ocrx_word' id='word_1_168' title='bbox 1239 1420 1381 1454; x_wconf 87' lang='lat' dir='ltr'>saeculo</span> <span class='ocrx_word' id='word_1_169' title='bbox 1420 1420 1488 1455; x_wconf 90' lang='lat' dir='ltr'>duo</span> 
     </span>
     <span class='ocr_line' id='line_1_24' title="bbox 176 1473 1490 1520; baseline 0 -11"><span class='ocrx_word' id='word_1_170' title='bbox 176 1474 403 1510; x_wconf 86' lang='lat' dir='ltr'>matrimonia</span> <span class='ocrx_word' id='word_1_171' title='bbox 431 1484 469 1511; x_wconf 92' lang='lat' dir='ltr'>se</span> <span class='ocrx_word' id='word_1_172' title='bbox 500 1475 745 1511; x_wconf 78' lang='lat' dir='ltr'>contraxisse“</span> <span class='ocrx_word' id='word_1_173' title='bbox 775 1473 924 1518; x_wconf 82' lang='lat' dir='ltr'>fatetur3</span> <span class='ocrx_word' id='word_1_174' title='bbox 953 1485 1023 1520; x_wconf 87' lang='lat' dir='ltr'>qua</span> <span class='ocrx_word' id='word_1_175' title='bbox 1052 1475 1095 1510; x_wconf 92' lang='lat' dir='ltr'>de</span> <span class='ocrx_word' id='word_1_176' title='bbox 1124 1475 1272 1519; x_wconf 84' lang='lat' dir='ltr'>conjuge</span> <span class='ocrx_word' id='word_1_177' title='bbox 1287 1474 1373 1509; x_wconf 90' lang='lat' dir='ltr'>nihil</span> <span class='ocrx_word' id='word_1_178' title='bbox 1392 1473 1490 1510; x_wconf 86' lang='lat' dir='ltr'>aliud</span> 
     </span>
     <span class='ocr_line' id='line_1_25' title="bbox 175 1527 1485 1574; baseline 0.001 -11"><span class='ocrx_word' id='word_1_179' title='bbox 175 1529 278 1564; x_wconf 92' lang='lat' dir='ltr'>nobis</span> <span class='ocrx_word' id='word_1_180' title='bbox 308 1529 456 1564; x_wconf 83' lang='lat' dir='ltr'>tradidit</span> <span class='ocrx_word' id='word_1_181' title='bbox 484 1530 520 1564; x_wconf 94' lang='lat' dir='ltr'>in</span> <span class='ocrx_word' id='word_1_182' title='bbox 550 1530 722 1573; x_wconf 89' lang='lat' dir='ltr'>epistolis,</span> <span class='ocrx_word' id='word_1_183' title='bbox 750 1530 817 1565; x_wconf 84' lang='lat' dir='ltr'>nisi</span> <span class='ocrx_word' id='word_1_184' title='bbox 846 1529 940 1574; x_wconf 90' lang='lat' dir='ltr'>quod</span> <span class='ocrx_word' id='word_1_185' title='bbox 969 1540 1007 1565; x_wconf 91' lang='lat' dir='ltr'>se</span> <span class='ocrx_word' id='word_1_186' title='bbox 1035 1530 1186 1565; x_wconf 89' lang='lat' dir='ltr'>maxime</span> <span class='ocrx_word' id='word_1_187' title='bbox 1215 1529 1351 1564; x_wconf 87' lang='lat' dir='ltr'>tristem</span> <span class='ocrx_word' id='word_1_188' title='bbox 1379 1527 1485 1564; x_wconf 76' lang='lat' dir='ltr'>fuisse</span> 
     </span>
     <span class='ocr_line' id='line_1_26' title="bbox 175 1579 1488 1628; baseline 0 -10"><span class='ocrx_word' id='word_1_189' title='bbox 175 1593 218 1618; x_wconf 87' lang='lat' dir='ltr'>ea</span> <span class='ocrx_word' id='word_1_190' title='bbox 259 1584 390 1618; x_wconf 87' lang='lat' dir='ltr'>amissa</span> <span class='ocrx_word' id='word_1_191' title='bbox 429 1584 514 1619; x_wconf 91' lang='lat' dir='ltr'>dicit</span> <span class='ocrx_word' id='word_1_192' title='bbox 541 1594 598 1628; x_wconf 82' lang='lat' dir='ltr'>ep.</span> <span class='ocrx_word' id='word_1_193' title='bbox 627 1584 693 1623; x_wconf 92' lang='lat' dir='ltr'>IX,</span> <span class='ocrx_word' id='word_1_194' title='bbox 730 1585 789 1625; x_wconf 90' lang='lat'>13,</span> <span class='ocrx_word' id='word_1_195' title='bbox 820 1586 857 1620; x_wconf 89' lang='lat'>4.</span> <span class='ocrx_word' id='word_1_196' title='bbox 914 1584 1023 1619; x_wconf 91' lang='lat' dir='ltr'>Plura</span> <span class='ocrx_word' id='word_1_197' title='bbox 1064 1593 1149 1619; x_wconf 91' lang='lat' dir='ltr'>vero</span> <span class='ocrx_word' id='word_1_198' title='bbox 1195 1583 1397 1619; x_wconf 88' lang='lat' dir='ltr'>testimonia</span> <span class='ocrx_word' id='word_1_199' title='bbox 1440 1579 1488 1618; x_wconf 92' lang='lat' dir='ltr'>de</span> 
     </span>
     <span class='ocr_line' id='line_1_27' title="bbox 175 1637 1488 1683; baseline -0.001 -10"><span class='ocrx_word' id='word_1_200' title='bbox 175 1637 290 1674; x_wconf 87' lang='lat' dir='ltr'>altera</span> <span class='ocrx_word' id='word_1_201' title='bbox 318 1648 428 1674; x_wconf 90' lang='lat' dir='ltr'>uxore</span> <span class='ocrx_word' id='word_1_202' title='bbox 458 1641 599 1674; x_wconf 84' lang='lat' dir='ltr'>exstant</span> <span class='ocrx_word' id='word_1_203' title='bbox 642 1639 679 1674; x_wconf 93' lang='lat' dir='ltr'>in</span> <span class='ocrx_word' id='word_1_204' title='bbox 722 1639 873 1683; x_wconf 83' lang='lat' dir='ltr'>scriptis.</span> <span class='ocrx_word' id='word_1_205' title='bbox 931 1639 1043 1682; x_wconf 82' lang='lat' dir='ltr'>Quam</span> <span class='ocrx_word' id='word_1_206' title='bbox 1091 1638 1231 1673; x_wconf 85' lang='lat' dir='ltr'>nomine</span> <span class='ocrx_word' id='word_1_207' title='bbox 1261 1637 1488 1681; x_wconf 87' lang='lat' dir='ltr'>Calpurniam</span> 
     </span>
     <span class='ocr_line' id='line_1_28' title="bbox 174 1692 1488 1736; baseline -0.001 -10"><span class='ocrx_word' id='word_1_208' title='bbox 174 1696 403 1736; x_wconf 84' lang='lat' dir='ltr'>praematura</span> <span class='ocrx_word' id='word_1_209' title='bbox 432 1696 551 1727; x_wconf 86' lang='lat' dir='ltr'>aetate</span> <span class='ocrx_word' id='word_1_210' title='bbox 579 1692 764 1728; x_wconf 90' lang='lat' dir='ltr'>florentem</span> <span class='ocrx_word' id='word_1_211' title='bbox 793 1693 953 1734; x_wconf 87' lang='lat' dir='ltr'>duxerat,</span> <span class='ocrx_word' id='word_1_212' title='bbox 990 1692 1084 1736; x_wconf 90' lang='lat' dir='ltr'>quod</span> <span class='ocrx_word' id='word_1_213' title='bbox 1113 1692 1353 1726; x_wconf 87' lang='lat' dir='ltr'>Romanorum</span> <span class='ocrx_word' id='word_1_214' title='bbox 1381 1692 1488 1726; x_wconf 89' lang='lat' dir='ltr'>mori-</span> 
     </span>
     <span class='ocr_line' id='line_1_29' title="bbox 176 1744 1487 1794; baseline -0.001 -13"><span class='ocrx_word' id='word_1_215' title='bbox 176 1746 240 1781; x_wconf 92' lang='lat' dir='ltr'>bus</span> <span class='ocrx_word' id='word_1_216' title='bbox 269 1746 514 1787; x_wconf 86' lang='lat' dir='ltr'>conveniebat,</span> <span class='ocrx_word' id='word_1_217' title='bbox 546 1744 605 1794; x_wconf 86' lang='lat' dir='ltr'>(cf.</span> <span class='ocrx_word' id='word_1_218' title='bbox 635 1756 691 1791; x_wconf 84' lang='lat' dir='ltr'>ep.</span> <span class='ocrx_word' id='word_1_219' title='bbox 729 1746 772 1790; x_wconf 89' lang='lat' dir='ltr'>V,</span> <span class='ocrx_word' id='word_1_220' title='bbox 806 1748 866 1790; x_wconf 88' lang='grc'>16,</span> <span class='ocrx_word' id='word_1_221' title='bbox 896 1748 941 1789; x_wconf 87' lang='grc'>2;</span> <span class='ocrx_word' id='word_1_222' title='bbox 975 1745 1158 1781; x_wconf 84' lang='lat' dir='ltr'>Rossbach</span> <span class='ocrx_word' id='word_1_223' title='bbox 1188 1745 1244 1780; x_wconf 87' lang='lat' dir='ltr'>die</span> <span class='ocrx_word' id='word_1_224' title='bbox 1281 1748 1369 1782; x_wconf 77' lang='lat' dir='ltr'>rom.</span> <span class='ocrx_word' id='word_1_225' title='bbox 1409 1745 1487 1780; x_wconf 89' lang='lat' dir='ltr'>Ehe</span> 
     </span>
     <span class='ocr_line' id='line_1_30' title="bbox 174 1796 1489 1844; baseline -0.001 -9"><span class='ocrx_word' id='word_1_226' title='bbox 174 1810 256 1844; x_wconf 86' lang='lat' dir='ltr'>pag.</span> <span class='ocrx_word' id='word_1_227' title='bbox 288 1802 365 1835; x_wconf 86' lang='lat'>417</span> <span class='ocrx_word' id='word_1_228' title='bbox 378 1810 450 1844; x_wconf 90' lang='lat' dir='ltr'>seq.</span> <span class='ocrx_word' id='word_1_229' title='bbox 480 1801 663 1835; x_wconf 90' lang='lat' dir='ltr'>Plutarchi</span> <span class='ocrx_word' id='word_1_230' title='bbox 704 1801 857 1844; x_wconf 86' lang='lat' dir='ltr'>Lycurg.</span> <span class='ocrx_word' id='word_1_231' title='bbox 889 1803 926 1835; x_wconf 86' lang='lat' dir='ltr'>et</span> <span class='ocrx_word' id='word_1_232' title='bbox 952 1800 1066 1836; x_wconf 90' lang='lat' dir='ltr'>·Num.</span> <span class='ocrx_word' id='word_1_233' title='bbox 1096 1810 1212 1843; x_wconf 83' lang='lat' dir='ltr'>comp.</span> <span class='ocrx_word' id='word_1_234' title='bbox 1242 1801 1280 1844; x_wconf 87' lang='lat'>4,</span> <span class='ocrx_word' id='word_1_235' title='bbox 1311 1800 1352 1834; x_wconf 82' lang='lat'>2:</span> <span class='ocrx_word' id='word_1_236' title='bbox 1380 1796 1489 1842; x_wconf 46' lang='grc' dir='ltr'>,ἡτῶν</span> 
     </span>
     <span class='ocr_line' id='line_1_31' title="bbox 178 1846 1486 1903; baseline -0.002 -13"><span class='ocrx_word' id='word_1_237' title='bbox 178 1850 221 1890; x_wconf 73' lang='grc' dir='ltr'>δὲ</span> <span class='ocrx_word' id='word_1_238' title='bbox 259 1847 490 1903; x_wconf 64' lang='grc' dir='ltr'><em>’.Ρωμαίων</em></span> <span class='ocrx_word' id='word_1_239' title='bbox 535 1850 797 1895; x_wconf 78' lang='grc' dir='ltr'><em>δωδεκαετεῖς</em></span> <span class='ocrx_word' id='word_1_240' title='bbox 844 1854 911 1890; x_wconf 81' lang='grc' dir='ltr'>καὶ</span> <span class='ocrx_word' id='word_1_241' title='bbox 954 1851 1159 1902; x_wconf 73' lang='grc' dir='ltr'><em>νεωτέρας</em></span> <span class='ocrx_word' id='word_1_242' title='bbox 1212 1846 1486 1900; x_wconf 66' lang='grc' dir='ltr'>ε’κδιδόντωνς</span> 
     </span>
     <span class='ocr_line' id='line_1_32' title="bbox 176 1907 1490 1953; baseline -0.002 -10"><span class='ocrx_word' id='word_1_243' title='bbox 176 1908 358 1953; x_wconf 86' lang='lat' dir='ltr'>complura</span> <span class='ocrx_word' id='word_1_244' title='bbox 386 1908 488 1953; x_wconf 73' lang='lat' dir='ltr'>huJus</span> <span class='ocrx_word' id='word_1_245' title='bbox 515 1909 570 1945; x_wconf 91' lang='lat' dir='ltr'>rei</span> <span class='ocrx_word' id='word_1_246' title='bbox 606 1909 769 1953; x_wconf 83' lang='lat' dir='ltr'>exempla</span> <span class='ocrx_word' id='word_1_247' title='bbox 805 1912 945 1944; x_wconf 81' lang='lat' dir='ltr'>exstant</span> <span class='ocrx_word' id='word_1_248' title='bbox 982 1908 1077 1952; x_wconf 89' lang='lat' dir='ltr'>apud</span> <span class='ocrx_word' id='word_1_249' title='bbox 1105 1907 1364 1943; x_wconf 85' lang='lat' dir='ltr'>Friedlaender</span> <span class='ocrx_word' id='word_1_250' title='bbox 1398 1907 1490 1942; x_wconf 86' lang='lat' dir='ltr'>Dar-</span> 
     </span>
     <span class='ocr_line' id='line_1_33' title="bbox 181 1962 1488 2008; baseline -0.002 -10"><span class='ocrx_word' id='word_1_251' title='bbox 181 1963 379 2007; x_wconf 85' lang='lat' dir='ltr'>stellungen</span> <span class='ocrx_word' id='word_1_252' title='bbox 408 1973 471 1999; x_wconf 87' lang='lat' dir='ltr'>aus</span> <span class='ocrx_word' id='word_1_253' title='bbox 505 1963 570 1999; x_wconf 91' lang='lat' dir='ltr'>der</span> <span class='ocrx_word' id='word_1_254' title='bbox 598 1963 916 2008; x_wconf 85' lang='lat' dir='ltr'>Sittengeschichte</span> <span class='ocrx_word' id='word_1_255' title='bbox 954 1963 1063 1998; x_wconf 89' lang='lat' dir='ltr'>Roms</span> <span class='ocrx_word' id='word_1_256' title='bbox 1092 1965 1160 1998; x_wconf 85' lang='lat' dir='ltr'>etc.</span> <span class='ocrx_word' id='word_1_257' title='bbox 1190 1962 1338 2006; x_wconf 89' lang='lat' dir='ltr'>Leipzig</span> <span class='ocrx_word' id='word_1_258' title='bbox 1371 1962 1488 1996; x_wconf 87' lang='lat'><strong>1862.</strong></span> 
     </span>
     <span class='ocr_line' id='line_1_34' title="bbox 183 2013 1487 2066; baseline -0.002 -14"><span class='ocrx_word' id='word_1_259' title='bbox 183 2016 201 2052; x_wconf 94' lang='lat'>1</span> <span class='ocrx_word' id='word_1_260' title='bbox 231 2026 314 2061; x_wconf 84' lang='lat' dir='ltr'>pag.</span> <span class='ocrx_word' id='word_1_261' title='bbox 347 2018 423 2054; x_wconf 81' lang='lat'>324</span> <span class='ocrx_word' id='word_1_262' title='bbox 452 2014 567 2066; x_wconf 88' lang='lat' dir='ltr'>sequ.)</span> <span class='ocrx_word' id='word_1_263' title='bbox 597 2027 687 2062; x_wconf 84' lang='lat' dir='ltr'>quae</span> <span class='ocrx_word' id='word_1_264' title='bbox 716 2018 858 2062; x_wconf 90' lang='lat' dir='ltr'>quidem</span> <span class='ocrx_word' id='word_1_265' title='bbox 886 2027 944 2053; x_wconf 87' lang='lat' dir='ltr'>res</span> <span class='ocrx_word' id='word_1_266' title='bbox 973 2018 1006 2052; x_wconf 90' lang='lat' dir='ltr'>ei</span> <span class='ocrx_word' id='word_1_267' title='bbox 1045 2026 1179 2052; x_wconf 89' lang='lat' dir='ltr'>summo</span> <span class='ocrx_word' id='word_1_268' title='bbox 1216 2016 1375 2061; x_wconf 88' lang='lat' dir='ltr'>periculo</span> <span class='ocrx_word' id='word_1_269' title='bbox 1410 2013 1487 2058; x_wconf 88' lang='lat' dir='ltr'>fuit,</span> 
     </span>
     <span class='ocr_line' id='line_1_35' title="bbox 176 2068 1488 2117; baseline -0.002 -11"><span class='ocrx_word' id='word_1_270' title='bbox 176 2081 259 2106; x_wconf 89' lang='lat' dir='ltr'>nam</span> <span class='ocrx_word' id='word_1_271' title='bbox 309 2072 517 2115; x_wconf 86' lang='lat' dir='ltr'>puellariter</span> <span class='ocrx_word' id='word_1_272' title='bbox 575 2082 612 2108; x_wconf 88' lang='lat' dir='ltr'>se</span> <span class='ocrx_word' id='word_1_273' title='bbox 668 2076 925 2117; x_wconf 86' lang='lat' dir='ltr'>praegnantem</span> <span class='ocrx_word' id='word_1_274' title='bbox 981 2072 1140 2107; x_wconf 83' lang='lat' dir='ltr'>nesciens</span> <span class='ocrx_word' id='word_1_275' title='bbox 1195 2071 1357 2107; x_wconf 90' lang='lat' dir='ltr'>abortum</span> <span class='ocrx_word' id='word_1_276' title='bbox 1402 2068 1488 2105; x_wconf 88' lang='lat' dir='ltr'>fecit</span> 
     </span>
     <span class='ocr_line' id='line_1_36' title="bbox 178 2125 1488 2171; baseline -0.002 -10"><span class='ocrx_word' id='word_1_277' title='bbox 178 2126 291 2171; x_wconf 87' lang='lat' dir='ltr'>(VIII,</span> <span class='ocrx_word' id='word_1_278' title='bbox 326 2126 416 2170; x_wconf 85' lang='grc'><strong>10.).</strong></span> <span class='ocrx_word' id='word_1_279' title='bbox 489 2127 538 2161; x_wconf 91' lang='lat' dir='ltr'>Et</span> <span class='ocrx_word' id='word_1_280' title='bbox 564 2125 631 2161; x_wconf 89' lang='lat' dir='ltr'>fuit</span> <span class='ocrx_word' id='word_1_281' title='bbox 658 2127 721 2161; x_wconf 88' lang='lat' dir='ltr'>illa</span> <span class='ocrx_word' id='word_1_282' title='bbox 748 2136 878 2171; x_wconf 87' lang='lat' dir='ltr'>magna</span> <span class='ocrx_word' id='word_1_283' title='bbox 905 2126 1092 2161; x_wconf 86' lang='lat' dir='ltr'>sanctitate</span> <span class='ocrx_word' id='word_1_284' title='bbox 1123 2134 1260 2160; x_wconf 88' lang='lat' dir='ltr'>morum</span> <span class='ocrx_word' id='word_1_285' title='bbox 1285 2128 1321 2160; x_wconf 89' lang='lat' dir='ltr'>et</span> <span class='ocrx_word' id='word_1_286' title='bbox 1347 2125 1488 2167; x_wconf 87' lang='lat' dir='ltr'>integra</span> 
     </span>
     <span class='ocr_line' id='line_1_37' title="bbox 179 2179 1489 2225; baseline -0.002 -10"><span class='ocrx_word' id='word_1_287' title='bbox 179 2180 254 2215; x_wconf 83' lang='lat' dir='ltr'>vita</span> <span class='ocrx_word' id='word_1_288' title='bbox 291 2179 412 2223; x_wconf 84' lang='lat' dir='ltr'>digna,</span> <span class='ocrx_word' id='word_1_289' title='bbox 451 2180 507 2214; x_wconf 91' lang='lat' dir='ltr'>cui</span> <span class='ocrx_word' id='word_1_290' title='bbox 537 2179 672 2215; x_wconf 87' lang='lat' dir='ltr'>Plinius</span> <span class='ocrx_word' id='word_1_291' title='bbox 700 2181 871 2225; x_wconf 88' lang='lat' dir='ltr'>singulari</span> <span class='ocrx_word' id='word_1_292' title='bbox 900 2190 1020 2215; x_wconf 87' lang='lat' dir='ltr'>amore</span> <span class='ocrx_word' id='word_1_293' title='bbox 1055 2179 1217 2215; x_wconf 89' lang='lat' dir='ltr'>addictus</span> <span class='ocrx_word' id='word_1_294' title='bbox 1259 2182 1364 2221; x_wconf 88' lang='lat' dir='ltr'>esset,</span> <span class='ocrx_word' id='word_1_295' title='bbox 1407 2187 1489 2212; x_wconf 89' lang='lat' dir='ltr'>nam</span> 
     </span>
     <span class='ocr_line' id='line_1_38' title="bbox 177 2232 1489 2280; baseline -0.004 -8"><span class='ocrx_word' id='word_1_296' title='bbox 177 2244 222 2272; x_wconf 86' lang='lat' dir='ltr'>ex</span> <span class='ocrx_word' id='word_1_297' title='bbox 252 2234 355 2278; x_wconf 84' lang='lat' dir='ltr'>epist.</span> <span class='ocrx_word' id='word_1_298' title='bbox 385 2233 448 2275; x_wconf 92' lang='lat' dir='ltr'>IV,</span> <span class='ocrx_word' id='word_1_299' title='bbox 483 2235 529 2270; x_wconf 85' lang='lat'>19</span> <span class='ocrx_word' id='word_1_300' title='bbox 560 2232 663 2270; x_wconf 82' lang='lat' dir='ltr'>facile</span> <span class='ocrx_word' id='word_1_301' title='bbox 691 2236 931 2280; x_wconf 69' lang='lat' dir='ltr'>intelligimus,</span> <span class='ocrx_word' id='word_1_302' title='bbox 959 2236 996 2270; x_wconf 92' lang='lat' dir='ltr'>in</span> <span class='ocrx_word' id='word_1_303' title='bbox 1024 2244 1067 2270; x_wconf 85' lang='lat' dir='ltr'>ea</span> <span class='ocrx_word' id='word_1_304' title='bbox 1095 2233 1202 2269; x_wconf 87' lang='lat' dir='ltr'>fuisse</span> <span class='ocrx_word' id='word_1_305' title='bbox 1232 2234 1360 2276; x_wconf 87' lang='lat' dir='ltr'>omnia,</span> <span class='ocrx_word' id='word_1_306' title='bbox 1398 2242 1489 2276; x_wconf 86' lang='lat' dir='ltr'>quae</span> 
     </span>
     <span class='ocr_line' id='line_1_39' title="bbox 176 2283 1488 2333; baseline -0.002 -10"><span class='ocrx_word' id='word_1_307' title='bbox 176 2288 319 2323; x_wconf 91' lang='lat' dir='ltr'>beatum</span> <span class='ocrx_word' id='word_1_308' title='bbox 358 2287 510 2322; x_wconf 88' lang='lat' dir='ltr'>reddere</span> <span class='ocrx_word' id='word_1_309' title='bbox 558 2289 818 2324; x_wconf 87' lang='lat' dir='ltr'>matrimonium</span> <span class='ocrx_word' id='word_1_310' title='bbox 852 2293 1011 2333; x_wconf 90' lang='lat' dir='ltr'>possent,</span> <span class='ocrx_word' id='word_1_311' title='bbox 1059 2288 1197 2323; x_wconf 88' lang='lat' dir='ltr'>etiamsi</span> <span class='ocrx_word' id='word_1_312' title='bbox 1234 2297 1361 2331; x_wconf 90' lang='lat' dir='ltr'>parum</span> <span class='ocrx_word' id='word_1_313' title='bbox 1400 2283 1488 2321; x_wconf 88' lang='lat' dir='ltr'>felix</span> 
     </span>
     <span class='ocr_line' id='line_1_40' title="bbox 177 2341 737 2386; baseline 0 -8"><span class='ocrx_word' id='word_1_314' title='bbox 177 2345 280 2386; x_wconf 87' lang='lat' dir='ltr'>esset,</span> <span class='ocrx_word' id='word_1_315' title='bbox 309 2341 431 2377; x_wconf 90' lang='lat' dir='ltr'>liberis</span> <span class='ocrx_word' id='word_1_316' title='bbox 460 2342 553 2376; x_wconf 91' lang='lat' dir='ltr'>enim</span> <span class='ocrx_word' id='word_1_317' title='bbox 581 2341 737 2379; x_wconf 86' lang='lat' dir='ltr'>carebat.</span> 
     </span>
    </p>

    <p class='ocr_par' dir='ltr' id='par_1_7' title="bbox 176 2395 1489 2487">
     <span class='ocr_line' id='line_1_41' title="bbox 286 2395 1489 2442; baseline -0.001 -10"><span class='ocrx_word' id='word_1_318' title='bbox 286 2396 346 2432; x_wconf 89' lang='lat' dir='ltr'>Ad</span> <span class='ocrx_word' id='word_1_319' title='bbox 374 2396 568 2432; x_wconf 88' lang='lat' dir='ltr'>suavitates</span> <span class='ocrx_word' id='word_1_320' title='bbox 591 2397 897 2442; x_wconf 86' lang='lat' dir='ltr'>jucunditatesque</span> <span class='ocrx_word' id='word_1_321' title='bbox 926 2398 1019 2433; x_wconf 90' lang='lat' dir='ltr'>vitae</span> <span class='ocrx_word' id='word_1_322' title='bbox 1049 2396 1228 2441; x_wconf 87' lang='lat' dir='ltr'>augendas</span> <span class='ocrx_word' id='word_1_323' title='bbox 1256 2396 1391 2432; x_wconf 88' lang='lat' dir='ltr'>nobiles</span> <span class='ocrx_word' id='word_1_324' title='bbox 1417 2395 1489 2431; x_wconf 89' lang='lat' dir='ltr'>Ro-</span> 
     </span>
     <span class='ocr_line' id='line_1_42' title="bbox 176 2450 1488 2487; baseline -0.002 -1"><span class='ocrx_word' id='word_1_325' title='bbox 176 2461 359 2486; x_wconf 91' lang='lat' dir='ltr'>manorum</span> <span class='ocrx_word' id='word_1_326' title='bbox 427 2452 683 2487; x_wconf 87' lang='lat' dir='ltr'>consuetudine</span> <span class='ocrx_word' id='word_1_327' title='bbox 731 2452 920 2487; x_wconf 83' lang='lat' dir='ltr'>utebantur</span> <span class='ocrx_word' id='word_1_328' title='bbox 976 2451 1291 2487; x_wconf 84' lang='lat' dir='ltr'>contubernalium.</span> <span class='ocrx_word' id='word_1_329' title='bbox 1354 2450 1488 2486; x_wconf 88' lang='lat' dir='ltr'>Plinius</span> 
     </span>
    </p>
   </div>
  </div>
 </body>
</html>
