1719 2649
758 866 976 929 Vita.

329 1064 486 1100 Joannes
511 1065 687 1109 ,Iosephus
708 1065 909 1100 Tanzmann
936 1064 1108 1102 formulae
1136 1067 1330 1102 catholicae
1359 1067 1519 1103 addictus

219 1130 321 1163 natus
351 1138 426 1163 sum
455 1129 492 1164 in
520 1139 614 1174 pago
641 1127 863 1171 Ullersdorf‚
901 1130 960 1174 qui
997 1131 1084 1166 situs
1112 1134 1165 1166 est
1191 1131 1228 1166 in
1255 1131 1400 1175 regione
1427 1131 1519 1167 Leo-

218 1196 386 1230 montana
414 1204 506 1231 anno
535 1194 637 1240 hujus
665 1195 798 1232 saeculi
826 1194 951 1231 XXXI
986 1206 1017 1232 a.
1054 1196 1087 1233 d.
1115 1196 1185 1232 VII
1213 1195 1386 1233 Calendas
1414 1196 1520 1242 Apri·

218 1259 271 1295 les
292 1262 394 1304 patre
407 1259 614 1305 Benedicto,
643 1261 750 1306 agelli
776 1271 991 1306 possessore,
1022 1271 1124 1307 quem
1152 1265 1379 1306 praematura
1406 1265 1518 1298 morte

214 1325 289 1369 jam
315 1323 410 1361 'anno
439 1325 597 1363 XXXVI
624 1327 709 1362 mihi
738 1330 897 1372 ereptum
925 1328 1081 1372 graviter
1110 1327 1225 1370 doleo,
1255 1331 1291 1363 et
1318 1330 1432 1363 matre
1447 1328 1519 1364 Ro-

218 1390 295 1425 sina
323 1400 343 1426 e
372 1393 476 1435 gente
505 1391 701 1437 Knobloch,
728 1403 831 1438 quam
859 1393 945 1430 deus
974 1393 1124 1439 optimus
1164 1392 1373 1428 incolumem
1414 1402 1519 1437 quam

219 1455 413 1493 diutissime
441 1456 529 1494 velit
556 1467 709 1495 servare.
780 1458 909 1495 Primis
946 1459 1144 1495 litterarum
1173 1458 1356 1494 elementis
1385 1458 1429 1493 ab
1459 1457 1519 1494 ad-

213 1521 389 1566 jutoribus
417 1522 651 1568 ludimagistri
675 1524 769 1559 illius
797 1525 881 1569 pagi
910 1524 1062 1560 imbutus
1094 1524 1168 1568 jam
1204 1533 1334 1559 annum
1362 1523 1520 1568 quintum

218 1586 390 1623 decimum
418 1597 526 1634 agens
554 1588 727 1625 tutoribus
763 1589 939 1634 permulta
973 1588 1295 1626 contradicentibus
1333 1592 1370 1624 et
1411 1598 1521 1634 oppo-

217 1653 380 1689 nentibus
406 1654 624 1699 gymnasium
660 1654 732 1690 adii
760 1654 980 1700 Saganense,
1020 1654 1114 1700 quod
1142 1657 1178 1690 et
1204 1658 1278 1690 tum
1305 1653 1457 1691 florebat
1484 1658 1521 1691 et

216 1728 307 1754 nunc
335 1718 398 1754 sub
427 1719 592 1764 auspiciis
619 1718 701 1756 Joa.
730 1719 877 1764 Floegel
914 1720 979 1756 viri
1014 1719 1200 1755 clarissimi
1227 1717 1342 1755 floret.
1413 1718 1519 1763 Cujus

216 1784 387 1830 gymnasii
423 1784 576 1820 omnium
613 1787 885 1829 praeceptorum
923 1783 1094 1819 memoria
1128 1793 1268 1828 semper
1302 1784 1362 1828 pie
1401 1794 1423 1819 a
1460 1794 1517 1820 me

216 1849 368 1893 coletur3
397 1849 567 1886 maximas
594 1859 678 1887 vero
706 1849 841 1895 gratias
869 1858 936 1894 ago
959 1848 1099 1894 Kayser
1122 1851 1158 1885 et
1172 1847 1404 1891 Hildebrand,
1433 1848 1518 1885 viris

215 1916 458 1953 illustrissimis
495 1926 566 1952 non
603 1916 716 1953 solum
754 1915 799 1953 de
836 1915 985 1952 scientia
1012 1915 1075 1952 sed
1104 1915 1211 1952 etiam
1239 1915 1282 1951 de
1311 1910 1438 1960 insigni
1466 1912 1518 1951 fa-

216 1991 313 2025 vore,
343 1991 411 2026 quo
439 1991 579 2026 semper
605 1991 661 2018 mo
688 1980 908 2026 adjuverunt.

325 2045 429 2083 Anno
458 2046 494 2083 h,
524 2056 552 2083 s.
582 2045 650 2082 LII
677 2046 891 2082 maturitatis
928 2044 1130 2081 testimonio
1167 2046 1310 2080 ornatus
1341 2042 1434 2079 hanc
1468 2043 1519 2079 al-

216 2120 309 2147 mam
331 2111 538 2147 Viadrinam
567 2111 640 2147 adii
669 2114 705 2147 et
732 2113 895 2155 receptus
922 2110 1016 2146 inter
1043 2109 1136 2146 cives
1164 2108 1238 2152 ejus
1266 2107 1311 2145 ab
1340 2107 1518 2144 Henschel

216 2177 292 2213 viro
328 2177 563 2214 illustrissimo
600 2176 662 2213 illo
697 2179 856 2222 tempore
889 2174 1003 2212 fasces
1039 2174 1259 2211 academicos
1286 2176 1429 2211 tenente
1457 2182 1518 2209 no-

215 2251 298 2279 men
316 2242 399 2278 dedi
413 2242 508 2288 apud
522 2242 597 2287 Ign.
616 2242 744 2287 Ritter,
771 2242 883 2279 virum
897 2240 1127 2277 clarissimum
1145 2243 1218 2275 tum
1237 2238 1370 2276 ordinis
1381 2238 1517 2275 theolo-

216 2318 341 2354 gorum
398 2308 580 2347 decanum.
664 2307 781 2356 Atque
818 2308 872 2344 his
910 2318 1015 2354 quum
1050 2306 1162 2344 tribus
1197 2304 1421 2342 semestribus
1458 2312 1517 2341 va-

217 2384 352 2411 cassem
389 2375 512 2412 studiis
546 2374 768 2421 philologieis
796 2375 934 2411 interea
959 2384 1029 2411 non
1064 2372 1253 2418 neglectis,
1310 2370 1432 2407 transii
1468 2368 1516 2405 ad

217 2439 376 2477 ordinem
412 2440 704 2487 philosophorum
744 2444 780 2478 et
815 2441 883 2477 rite
920 2438 1101 2486 professus
1142 2448 1218 2475 sum
1262 2446 1388 2474 nomen
1423 2434 1519 2480 apud
