1719 2649
807 93 854 129 21

182 207 385 256 ulciscendi,
412 215 579 248 nocentes
608 211 803 248 insectandi
832 211 1078 255 delatoresque
1106 210 1186 246 illos
1211 211 1390 256 improbos
1422 223 1487 256 op-

182 266 370 311 primendi,
410 271 528 302 tamen
557 270 593 303 et
621 267 813 303 modestius
841 269 878 301 et
905 265 1121 301 constantius
1149 269 1187 301 ct
1223 266 1396 310 aequitati
1432 277 1490 302 ac—

181 320 436 356 commodatius
464 321 653 357 arbitratus
683 324 748 363 est,
791 320 951 356 inimicos
979 329 1061 355 suos
1087 329 1158 354 non
1193 320 1368 354 communi
1404 324 1490 356 tem-

183 384 309 418 porum
337 374 469 410 invidia
498 385 639 420 urgere,
669 375 732 411 sed
761 378 981 419 exspectare,
1019 373 1132 409 donec
1168 373 1223 407 ira
1251 372 1298 408 ad
1320 373 1491 417 justitiam

184 428 359 472 rediisset,
391 430 536 472 veritus,
574 440 618 465 ne
646 430 763 474 primo
791 439 929 474 quoque
957 429 1091 474 impetu
1119 426 1166 464 ad
1192 427 1357 472 injuriam
1384 437 1492 473 quan-

186 483 266 518 dam
294 484 550 527 impelleretur.
580 484 645 527 IX,
680 485 741 527 13,
759 485 809 522 ,4.
867 484 916 519 Et
953 484 1042 531 alifi
1057 483 1137 518 loco
1166 481 1371 518 Genitorem
1408 483 1494 517 ami·

186 547 266 574 cum
295 537 499 574 exhortatus
529 542 592 582 est,
621 549 666 574 ne
695 539 740 574 de
766 548 879 583 prava
907 538 1056 574 aliorum
1084 536 1224 573 vivendi
1240 537 1378 573 ratione
1397 547 1494 573 acer-

187 592 267 627 bius
292 592 484 636 judicaret,
524 593 587 628 sed
615 593 684 628 hoc
711 596 870 628 teneret:
904 592 1060 636 „Demus
1094 591 1219 627 alienis
1252 591 1494 628 oblectationi·

185 646 252 682 bus
279 647 431 689 veniam,
461 650 501 682 ut
527 647 656 682 nostris
683 647 938 692 impetremus“
967 646 1033 688 IX,
1068 647 1128 682 17.
1160 647 1196 682 4.

299 701 409 744 Quam
439 711 523 736 vero
552 711 666 745 aequo
695 705 732 737 et
753 702 849 745 justo
878 701 994 736 animo
1013 700 1148 735 Plinius
1163 699 1347 744 agnoverit
1365 699 1493 734 merita

189 757 226 790 et
250 756 496 798 percensuerit
526 765 647 791 eorum
676 755 801 800 quibus
829 759 907 791 erat
941 753 1154 799 praefectus,
1189 753 1340 797 intelligi
1376 756 1494 798 potest

183 818 228 844 ex
259 818 317 853 ep.
349 808 385 844 X
414 810 464 844 85
496 813 532 845 et
563 810 626 852 86,
669 810 730 845 ubi
757 810 950 845 Maximum
978 811 1246 854 procuratorem
1279 810 1316 844 ct
1343 806 1493 844 Gabium

184 863 332 898 Bassum
361 862 583 907 praefectum
612 873 698 900 orae
727 864 898 900 Ponticae
924 864 1133 899 testimoniis
1161 862 1393 899 ornatissimis
1407 862 1494 898 Tra-

178 917 265 961 jano
293 917 501 962 imperatori
530 918 690 957 denotat.
747 918 897 954 Tantum
925 928 1009 954 vcro
1037 916 1162 961 abfuit,
1190 920 1231 953 ut
1257 916 1312 953 vir
1338 926 1493 953 summae

184 972 343 1007 lenitatis
372 975 409 1007 et
446 973 655 1008 clementiae
683 974 719 1008 in
747 974 831 1008 vitia
860 977 896 1009 et
922 971 1029 1008 foeda
1056 976 1093 1008 et
1120 972 1238 1016 turpia
1273 971 1490 1013 conniveret,

181 1028 221 1061 ut
248 1025 402 1070 ingenua
429 1026 672 1071 indignatione
703 1030 739 1063 et
766 1027 879 1063 libera
906 1027 1101 1063 iracundia·
1118 1036 1161 1062 ea
1202 1025 1489 1071 reprehenderet,

180 1081 217 1115 in
247 1080 363 1116 lucem
390 1080 580 1125 proferret,
609 1082 877 1127 perstringeret.
935 1081 1171 1126 vituperabat
1207 1081 1300 1116 enim
1335 1081 1491 1125 pertina-

181 1134 271 1170 ciam
297 1135 466 1179 Juvenum
495 1135 595 1178 VIII,
627 1136 691 1178 23,
723 1138 763 1172 3:
800 1136 942 1180 „statim
971 1136 1240 1182 (adolescentuli
1274 1135 1401 1181 nostri)
1436 1144 1491 1170 sa-

180 1189 291 1233 piunt,
333 1190 452 1225 statim
480 1187 596 1226 sciunt
623 1191 753 1233 omnia,
794 1192 969 1226 neminem
1004 1193 1182 1232 verentur,
1218 1190 1401 1225 imitantur
1431 1199 1492 1225 ne—

183 1243 311 1278 minem
349 1247 456 1288 atque
494 1244 561 1279 sibi
596 1245 664 1289 ipsi
699 1245 863 1289 exempla
899 1247 1018 1286 sunt“;
1057 1245 1154 1285 VIII,
1193 1246 1215 1280 6
1253 1244 1491 1279 adulationem

180 1297 369 1341 pessimam
398 1301 540 1333 senatus
568 1298 604 1333 in
632 1299 840 1342 Pallantem,
879 1309 922 1334 ex
959 1309 1029 1343 qua
1065 1298 1244 1334 humilitas
1278 1301 1420 1333 senatus
1455 1300 1492 1333 et

180 1351 296 1387 vilitas
332 1351 503 1388 honorum
540 1352 633 1388 illius
668 1353 801 1389 saeculi
838 1353 922 1389 satis
959 1356 1210 1397 cognoscatur;
1247 1351 1313 1394 IX,
1352 1352 1416 1394 30,
1454 1353 1490 1395 4,

180 1405 365 1441 avaritiam
394 1407 613 1450 aequalium:
650 1417 718 1449 „ea
747 1408 876 1443 invasit
901 1407 1060 1443 homines
1087 1406 1243 1442 habendi
1270 1406 1410 1450 cupido,
1452 1409 1491 1441 ut

179 1459 354 1505 possideri
389 1461 501 1505 magis
537 1471 641 1505 quam
678 1461 860 1506 possidere
908 1461 1107 1503 videantur,
1154 1461 1304 1506 denique
1340 1460 1386 1505 II,
1425 1461 1488 1497 30.

181 1515 418 1559 captationem
447 1518 748 1559 testamentorum,
778 1526 821 1551 ac
848 1517 1040 1561 praecipue
1064 1515 1191 1560 Reguli
1219 1515 1328 1551 istius.
1386 1514 1491 1560 CuJus

182 1569 249 1604 viri
282 1569 510 1615 „nequissimi
539 1570 692 1605 omnium
708 1570 874 1615 bipedum
904 1571 948 1616 (I,
979 1572 1015 1613 5,
1051 1570 1115 1615 14)
1144 1580 1277 1605 summo
1306 1569 1387 1605 odio
1416 1572 1494 1605 erat

182 1622 418 1660 inflammatus
447 1624 604 1669 Plinius;
633 1627 671 1660 et
694 1625 774 1669 jure
804 1625 957 1670 quidem.
1017 1625 1238 1669 Reputantes
1274 1624 1367 1660 enim
1394 1623 1492 1660 nobi:

181 1687 278 1712 scum
308 1687 364 1720 ea,
395 1688 485 1723 quae
514 1678 656 1714 Tacitus
686 1677 785 1727 (hist.
814 1679 878 1722 IV,
906 1679 973 1724 42)
1011 1680 1141 1723 aliique
1177 1679 1366 1723 scriptores
1397 1679 1491 1714 illius

181 1731 325 1773 saeculi,
365 1732 517 1768 maxime
545 1742 630 1769 vero
669 1743 759 1779 quae
788 1733 922 1769 Plinius
960 1733 1005 1768 de
1040 1733 1196 1768 moribus
1231 1733 1305 1776 ejus
1340 1742 1491 1768 comme-

181 1787 342 1829 moravit,
371 1786 417 1836 (Ι,
447 1787 483 1823 5.
512 1787 560 1831 II,
593 1787 655 1830 20,
684 1788 746 1831 IV,
777 1790 798 1823 2
829 1788 892 1830 IV,
924 1789 975 1833 7),
1007 1787 1287 1824 dubitabimusne
1316 1785 1488 1832 profiteri,

179 1839 332 1875 Plinium
361 1842 496 1877 summo
520 1842 601 1885 jure
630 1842 741 1878 virum
771 1842 870 1877 illum
899 1842 1204 1887 improbissimum,
1232 1841 1490 1886 impudentissi-

182 1905 288 1938 mum,
318 1895 465 1940 impium
494 1896 624 1939 odisse,
655 1897 715 1943 qui
744 1896 901 1939 Nerone,
932 1896 1057 1941 Galba,
1086 1896 1235 1939 Othone,
1281 1895 1425 1933 Vitellio
1453 1898 1491 1933 et

180 1950 400 1994 potissimum
434 1946 640 1987 Domitiano
687 1951 943 1996 imperantibus
989 1956 1025 1987 et
1060 1951 1198 1987 delator
1232 1953 1268 1986 et
1304 1953 1490 1988 accusator

179 2014 284 2048 quum
314 2005 499 2049 permultis
527 2006 610 2041 viris
650 2006 973 2051 praestantissimis,
1010 2007 1121 2051 iisque
1155 2005 1277 2041 amicis
1311 2005 1418 2041 Plinii
1453 2008 1490 2042 et

178 2058 342 2094 maximis
367 2059 462 2095 illius
491 2060 624 2095 saeculi
654 2061 869 2096 ornamentis
896 2060 1088 2105 perniciem
1116 2060 1257 2095 molitus
1285 2063 1375 2102 erat,
1412 2063 1488 2096 tum

176 2112 330 2149 maxime
360 2113 513 2149 Plinium
541 2114 654 2158 ipsum
682 2115 719 2150 in
749 2115 863 2150 causis
892 2114 1049 2150 dicendis
1077 2113 1253 2149 insidiosis
1289 2113 1426 2160 laqueis
1453 2115 1490 2150 in

176 2167 375 2212 periculum
402 2177 529 2204 vocare
559 2168 789 2205 tentaverat?
845 2168 1023 2213 Siquidem
1034 2168 1108 2203 ulla
1135 2168 1298 2212 irainsta
1327 2172 1392 2213 est,
1421 2179 1490 2214 qua

176 2222 369 2265 perductos
398 2223 509 2258 bonos
536 2223 696 2258 homines
725 2224 810 2259 vitia
839 2227 875 2258 et
892 2225 1086 2266 pravitates
1110 2223 1260 2258 aliorum
1279 2222 1395 2259 odisse
1422 2233 1490 2268 par

175 2279 241 2317 est,
288 2278 361 2311 tum
391 2276 604 2321 v1tuperatio
641 2276 717 2319 illa,
756 2286 859 2321 quam
895 2275 1076 2312 Thiexfeld
1111 2276 1147 2311 in
1181 2275 1404 2321 praefatione
1442 2277 1489 2313 ad

175 2331 444 2367 conversionem
473 2341 571 2367 suam
601 2330 830 2375 epistolarum
858 2330 967 2366 Plinii
993 2330 1075 2367 huic
1109 2331 1223 2376 injicit
1259 2332 1385 2369 merito
1426 2331 1490 2368 mi·

171 2384 324 2420 muenda
343 2389 448 2431 atque
469 2387 574 2421 etiam
607 2386 774 2421 diluenda
792 2388 857 2422 est.
914 2384 1094 2422 Thierfeld
1114 2387 1208 2422 enim
1228 2386 1314 2423 dicit
1327 2397 1409 2431 pag.
1425 2388 1489 2436 60,
