1719 2649
810 150 860 186 35

191 277 315 304 nomen
356 266 493 310 eripere
538 267 672 312 durum,
713 266 837 311 ferum,
886 267 1074 304 barbarum
1118 269 1208 304 est.“
1241 267 1330 308 VIII,
1362 268 1426 310 34,
1457 270 1497 304 4.

193 322 302 366 „quid
329 320 493 356 libertate
521 322 708 365 pretiosius
718 322 758 358 ?“
788 322 901 358 Porro
930 332 1034 366 quam
1062 325 1164 366 turpe
1193 322 1223 357 si
1249 321 1397 357 libertas
1424 331 1498 358 ser-

191 377 301 412 vitute
339 377 491 409 mutetur
501 374 544 409 ?·‘
581 376 660 413 eod.
698 376 787 411 loco.
827 378 863 412 8.
920 376 996 411 Nec
1034 379 1217 411 contentus
1258 374 1326 410 fuit
1361 374 1497 411 Plinius

191 429 395 473 eloquentia
422 431 459 465 et
485 430 633 472 ratione,
663 440 732 474 qua
761 433 856 466 artes
883 430 1091 475 litteraeque
1120 430 1293 474 ingenua-e
1322 429 1392 465 illis
1407 432 1494 465 tem-

189 483 345 528 poribus,
374 483 504 527 quippe
532 495 622 528 quae
652 485 775 520 studiis
788 485 991 520 liberalibus
1013 485 1154 529 iniquae
1181 488 1307 527 essent,
1335 484 1494 520 coleren-

189 542 256 581 tur,
285 537 346 573 sed
373 540 412 572 ut
442 540 518 572 erat
564 539 734 582 pristinae
779 535 875 573 illius
916 538 1124 574 conditionis
1164 537 1297 573 liberae
1340 538 1492 574 civitatis

188 591 411 628 reducendae
441 591 603 636 cupidus,
632 593 684 628 ita
709 592 825 628 studia
851 593 1058 634 litterarum,
1086 595 1256 636 quatenus
1269 591 1346 628 fieri
1360 597 1491 637 posset,

191 646 315 681 eadem
349 656 424 680 esse
453 646 575 688 voluit,
605 656 694 689 quae
733 646 915 690 republica
951 646 1098 681 florente
1134 646 1334 689 valuerant3
1371 647 1490 691 itaque

190 701 265 745 ipse
296 699 559 743 „stultissimum
588 702 686 736 esse“
722 704 832 742 ratus,
862 710 955 743 „non
982 700 1114 744 optima
1143 709 1301 744 quaeque
1336 700 1382 736 ad
1416 701 1492 736 imi-

189 753 334 789 tandum
362 755 587 797 proponere“
615 754 643 797 I,
675 756 709 797 5,
741 756 803 795 13,
843 753 1048 789 Ciceronem
1081 754 1353 789 Demosthenem
1387 755 1490 790 alios-

190 817 256 852 que
294 808 388 843 viros
414 807 612 843 litterarum
641 807 746 843 laude
774 806 939 843 florentes
971 807 1101 842 imitari
1129 807 1270 843 studuit.
1326 807 1376 843 At
1403 808 1491 844 haec

187 862 321 897 Plinius
348 871 419 896 non
447 860 597 905 fecisset,
632 862 700 897 nisi
727 863 879 897 omnium
907 872 1038 904 rerum,
1077 860 1201 905 quibus
1226 862 1396 905 pristinae
1422 864 1491 898 rei-

186 916 347 960 publicae
376 917 547 951 memoria
575 917 709 951 servari
734 919 866 960 posset,
896 916 1152 951 amantissimus
1179 914 1312 958 fuisset,
1340 916 1403 951 sed
1429 917 1490 951 ab·

182 971 281 1014 jecta
310 970 405 1004 omni
442 969 616 1006 libertatis
653 969 845 1014 cupiditate
881 970 918 1005 id
953 972 1089 1005 tantum
1127 970 1272 1014 egisset,
1309 973 1347 1005 ut
1384 980 1489 1015 quae-

184 1034 331 1068 cumque
369 1024 503 1059 animos
539 1024 737 1069 principum
782 1024 971 1060 irritabiles
1008 1024 1136 1060 veteris
1167 1023 1300 1060 liberae
1336 1024 1488 1061 civitatis

184 1088 405 1113 commonere
433 1082 585 1122 possent,
620 1079 780 1114 evitaret.

290 1132 485 1169 Praeterea
514 1143 596 1168 vero
624 1131 792 1177 perfacile
815 1131 1091 1176 cognoscendum
1118 1134 1182 1174 est,
1213 1141 1281 1176 qua
1300 1133 1483 1178 religione,

183 1196 254 1230 qua
281 1186 349 1221 fide
379 1190 415 1222 et
442 1187 625 1231 diligentia
666 1187 799 1222 Plinius
844 1186 1044 1222 muneribus
1081 1190 1118 1221 et
1144 1184 1267 1222 officiis
1294 1187 1363 1232 ipsi
1390 1198 1484 1225 com·

181 1241 293 1275 missis
321 1240 524 1285 perfunctus
552 1243 608 1284 sit,
639 1245 675 1277 et
700 1252 719 1277 e
747 1241 937 1285 panegrieo
969 1241 1031 1282 95,
1068 1240 1128 1276 ubi
1163 1241 1353 1277 testimonii
1388 1253 1483 1278 men-

181 1295 312 1330 tionem
341 1294 437 1339 facit,
466 1296 560 1340 quod
588 1306 609 1331 a
637 1298 759 1331 senatu
786 1298 933 1340 propter
960 1295 1112 1339 quietem
1139 1296 1173 1330 in
1190 1295 1381 1339 tribunatu,
1410 1307 1484 1333 mo-

180 1349 328 1384 destiam
355 1350 391 1384 in
416 1354 596 1393 praetura,
645 1350 875 1385 constantiam
912 1350 949 1384 in
985 1349 1099 1384 causis
1135 1350 1280 1393 agendis
1314 1350 1483 1395 impetra·

178 1407 278 1437 verat
317 1406 352 1438 et
396 1413 440 1438 ex
482 1404 632 1448 epistola
678 1404 821 1447 Trajani
848 1404 894 1445 X,
928 1404 997 1439 62:
1041 1402 1284 1446 „manifestum
1325 1408 1388 1448 est,
1432 1407 1481 1440 mi

179 1456 338 1492 Secunde
370 1458 557 1502 carissime,
586 1468 652 1494 nec
680 1458 902 1502 prudentiam
927 1467 993 1493 nec
1016 1457 1232 1502 diligentiam
1247 1457 1312 1494 tibi
1329 1458 1480 1496 defuisse

181 1512 275 1546 circa
326 1512 428 1547 istum
471 1513 585 1548 lacum
628 1512 679 1556 (in
721 1512 1028 1547 Nicomedensium
1067 1511 1194 1547 finibus
1237 1511 1281 1549 cf.
1318 1513 1364 1557 X,
1402 1513 1480 1561 51.)

178 1575 283 1609 quum
311 1568 383 1600 tam
412 1566 522 1601 multa
548 1566 690 1610 provisa
717 1566 849 1601 habeas
860 1592 1027 1607 ........
1059 1566 1149 1610 elige
1186 1566 1294 1611 igitur
1322 1567 1360 1602 id
1386 1569 1480 1612 quod

176 1620 365 1663 praecipue
394 1629 450 1656 res
477 1620 554 1664 ipsa
590 1620 776 1656 suaserit.“

285 1673 559 1717 Diligentissime
589 1675 681 1709 enim
710 1673 911 1709 excutiebat
934 1673 1123 1717 impendia,
1158 1674 1304 1717 reditus,
1345 1674 1480 1711 debito-

176 1736 232 1761 res
261 1726 399 1762 urbium
428 1727 632 1771 provinciae
662 1737 745 1762 suae
774 1726 819 1763 cf.
848 1728 894 1770 X,
929 1727 974 1763 17
994 1730 1031 1762 et
1045 1728 1095 1761 47
1108 1738 1116 1770 ;
1145 1728 1348 1763 consulebat
1361 1738 1480 1765 neces·

177 1780 339 1816 sitatibus
367 1782 633 1825 provincialium
660 1780 706 1818 cf.
734 1782 781 1824 X,
812 1782 874 1825 23,
905 1783 967 1817 33.
1010 1783 1071 1818 37.
1110 1783 1174 1818 39.
1210 1783 1273 1818 41.
1311 1783 1374 1818 43.
1413 1785 1476 1819 61.

177 1835 241 1871 70.
274 1835 336 1870 79.
368 1836 432 1871 90.
465 1836 527 1871 98.
563 1836 649 1879 108,
678 1835 833 1871 studiose
861 1835 1075 1870 inserviebat
1100 1836 1290 1871 commodis
1324 1836 1476 1880 singulo-

174 1898 251 1925 rum
280 1898 302 1924 a
331 1889 456 1933 quibus
486 1889 734 1935 appellabatur
762 1888 806 1926 cf.
835 1889 882 1932 X,
914 1889 977 1927 58.
1010 1889 1072 1925 81.
1104 1890 1193 1927 106.
1229 1891 1319 1933 110;
1349 1891 1476 1927 certio-

174 1953 250 1979 rem
278 1942 432 1980 faciebat
468 1944 657 1989 Trajanum
691 1945 735 1981 de
773 1944 907 1980 meritis
945 1953 1078 1989 eorum,
1117 1944 1240 1990 quibus
1276 1943 1475 1989 praefectus

175 2001 252 2033 erat
280 2008 409 2043 eosque
437 1999 646 2043 imperatori
679 1998 948 2034 commendabat
983 2002 1023 2033 ut
1055 2009 1116 2034 eos
1152 1999 1209 2034 vel
1244 1999 1290 2034 ad
1323 2000 1474 2043 majores

173 2052 324 2088 honores
351 2053 563 2098 proveheret
589 2053 647 2088 vel
673 2053 789 2097 gratia
816 2055 972 2093 ornaret,
1000 2051 1044 2088 cf.
1062 2053 1107 2097 X,
1138 2053 1200 2096 26,
1232 2053 1295 2088 85.
1326 2053 1388 2089 86.
1407 2054 1472 2090 87.

173 2106 299 2142 Nonne
328 2107 436 2151 igitur
469 2111 631 2151 putemus
670 2107 834 2149 Plinium,
873 2108 984 2143 virum
1021 2108 1183 2152 ,iustitiae
1213 2109 1251 2142 et
1286 2107 1473 2151 aequitatis

171 2161 431 2196 tenacissimum
459 2161 583 2197 eadem
611 2164 803 2206 praecepta
832 2163 868 2197 et
893 2162 1046 2206 regulas,
1076 2171 1165 2206 quae
1193 2161 1282 2196 alios
1297 2160 1473 2197 docuisset

172 2224 330 2259 quaeque
359 2214 455 2259 apud
482 2215 570 2250 ulios
606 2215 856 2259 praedicasset,
897 2215 964 2251 sibi
998 2216 1067 2260 ipsi
1102 2214 1382 2260 praescripsisse,
1428 2226 1471 2251 ex

171 2268 295 2311 quibus
336 2268 530 2304 officiorum
574 2272 695 2313 partes
736 2269 951 2305 sustineret?
990 2269 1155 2305 Tironem
1191 2269 1282 2304 enim
1322 2269 1471 2304 amicum

171 2318 351 2365 laudabat,
380 2323 474 2367 quod
504 2332 583 2358 eum
610 2323 750 2359 modum
777 2322 933 2367 tenebat,
973 2326 1036 2367 „ut
1073 2323 1274 2359 discrimina
1310 2322 1470 2359 ordinum

173 2373 449 2422 dignitatemque
477 2377 680 2421 custodiret,
716 2387 806 2422 quae
843 2378 874 2412 si
910 2376 1065 2419 confusa,
1109 2377 1261 2421 turbata,
1295 2377 1470 2422 permixta

172 2434 299 2474 essent,
345 2431 433 2467 nihil
469 2434 562 2467 esset
597 2431 676 2476 ipsa
708 2431 923 2477 aequalitate
971 2431 1222 2477 inaequalius“.
1258 2432 1322 2473 IX,
1357 2432 1394 2473 5,
1432 2433 1468 2468 3.

172 2483 363 2521 Maximum
394 2486 583 2522 exorabat:
614 2491 789 2530 ‚,caveret,
817 2498 861 2523 ne
889 2486 972 2532 quid
1001 2497 1044 2523 ex
1064 2488 1265 2532 cujusquam
1289 2486 1471 2536 dignitate,
