1719 2649
821 83 870 138 22

183 199 578 245 „Unversohnlichkeit,
614 199 737 236 harter
773 200 876 246 Spott
909 202 981 244 und
1015 202 1300 240 Schadenl'reude
1337 204 1493 241 leuchtet

181 265 245 290 aus
274 254 354 290 dem
383 254 587 291 Benehmen
605 254 745 299 hervet,
773 256 924 293 welches
938 256 1074 292 Plinius
1099 268 1214 303 gegen
1242 259 1363 295 seinen
1373 258 1497 302 Feind‚

180 309 249 345 den
279 309 596 355 Rechtsgelehrten
625 310 783 354 Regulus
809 310 984 348 bewiesen
1013 310 1086 348 hat.
1144 312 1351 349 DerGrund
1379 313 1495 350 dieser

179 363 410 400 Feindschaft
449 365 507 409 lag
545 361 662 407 darin,
710 364 791 400 dass
820 366 976 410 Regulus
1014 365 1081 401 den
1110 366 1191 402 Fau
1229 366 1292 402 des
1318 366 1496 403 Arulenus

180 419 344 454 Rusticus
372 419 470 455 eines
498 418 682 454 Freundes
710 429 778 454 von
807 420 941 455 Plinius
969 418 1153 456 befordert
1180 421 1251 456 und
1268 420 1356 457 uber
1374 422 1495 457 seinen

179 472 257 508 Tod
285 471 522 517 gefrohlockt,
551 473 592 517 ja
619 482 725 563 ἕνα·
759 474 797 508 in
834 474 929 509 einer
961 472 1094 510 Schrift
1129 475 1189 510 ihn
1227 475 1493 520 durchgezogeu

180 527 250 563 und
280 528 384 563 einen
404 527 509 563 Affen
537 527 601 563 der
661 527 763 564 oiker
792 533 946 573 genennt
972 529 1070 564 hatte
1099 529 1144 574 (Ι,
1177 530 1227 575 5).
1284 530 1371 566 Dies
1397 529 1496 574 giebt

179 582 315 617 Plinius
353 583 564 626 wenigstens
602 582 654 617 als
690 582 926 627 Hauptgrund
963 592 1019 626 an,
1064 584 1278 628 ungeachtet
1310 584 1368 619 ich
1403 584 1520 620 nach*

183 636 264 671 dem
293 636 433 672 Inhalte
463 635 647 672 desselben
677 635 817 672 Briefes
846 637 997 682 glauben
1027 637 1179 680 mochte‚
1209 638 1291 674 dass
1318 638 1420 674 mehr
1437 638 1494 674 die

182 690 404 734 Spotteleien
444 691 507 726 des
545 690 702 734 Regulus
739 691 829 726 uber
865 692 922 726 die
958 691 1072 726 flaehe
1110 692 1396 727 Gelehrsamkeit
1431 692 1493 727 des

180 744 325 786 Plinius,
367 744 464 779 seine
494 743 797 788 weitschweifigen
827 744 1001 789 Vortrage
1031 744 1102 780 und
1128 745 1204 781 sein
1234 745 1396 789 Streben,
1435 745 1492 781 ein

179 798 434 834 Nebenbuhler
477 798 539 834 des
578 798 703 834 Cicero
749 799 820 834 und
857 799 1113 835 Demosthenes
1149 811 1191 835 zu
1232 800 1385 843 werden,
1428 800 1493 835 der

179 852 298 887 wahre
328 852 451 888 Grund
480 852 597 888 dieser
624 852 941 889 unversohnlichen
969 853 1199 889 Feindschaft
1231 864 1392 898 gewesen
1428 854 1492 889 sei.

180 906 337 948 Regulus
377 905 452 942 traf
484 906 563 942 hier
600 907 657 943 die
694 905 975 951 empfindlichste
1013 907 1109 943 Seite
1155 908 1217 944 des
1253 907 1399 952 Plinius,
1435 907 1492 943 die

180 961 397 1006 Einbildung
426 961 541 998 dieses
551 962 700 997 Mannes
730 972 797 997 von
816 962 947 997 seinem
966 961 1323 998 wissenschaltlichen
1333 962 1492 1006 Werthe,

180 1015 253 1051 und
282 1015 358 1051 dies
384 1016 518 1052 konnte
542 1015 614 1051 ihm
643 1016 777 1051 Plinius
804 1016 862 1051 nie
892 1016 1108 1061 vergeben.“

290 1070 460 1105 Attamen
488 1070 613 1106 mirum
643 1071 793 1114 videtur,
822 1070 985 1109 Plinium,
1022 1071 1082 1116 qui
1110 1073 1182 1106 tam
1210 1070 1373 1113 benigne,
1411 1079 1493 1114 pru-

182 1125 319 1166 denter,
357 1124 581 1160 considerate
612 1124 655 1160 de
685 1124 845 1160 omnibus
874 1125 957 1160 viris
994 1126 1047 1160 sui
1076 1124 1208 1160 saeculi
1239 1124 1389 1167 judicat,
1426 1123 1493 1159 etsi

180 1189 252 1214 non
281 1189 403 1214 omnes
430 1179 548 1214 studia
574 1179 683 1223 ipsius
712 1178 987 1223 comprobarent
1015 1182 1121 1225 atque
1137 1178 1334 1221 laudarent,
1363 1178 1407 1213 de
1426 1177 1494 1213 hoc

181 1243 251 1268 uno
280 1236 354 1268 tam
383 1232 513 1268 acerbe
543 1236 580 1268 et
607 1233 764 1278 graviter
791 1233 1021 1278 existimasse,
1056 1233 1124 1269 nisi
1160 1233 1232 1268 alia
1260 1242 1367 1268 causa
1395 1232 1494 1277 peni·

181 1291 238 1323 tus
266 1288 374 1324 insita
402 1298 481 1323 eum
511 1288 725 1324 adduxisset.
781 1288 866 1323 Fuit
893 1292 1011 1324 autem
1060 1288 1149 1324 haec
1177 1288 1319 1323 minime
1348 1287 1493 1323 ambitio

181 1342 354 1386 gloriolae
390 1342 604 1386 honorisque
643 1342 751 1377 Plinii
787 1351 810 1376 a
847 1342 985 1387 Regulo
1027 1343 1185 1387 explosa,
1229 1342 1362 1377 nullum
1401 1341 1493 1377 enim

181 1396 278 1432 aliud
307 1397 506 1441 exemplum
534 1396 629 1441 apud
658 1396 811 1433 Plinium
838 1397 1026 1440 invenires,
1056 1407 1101 1433 ex
1130 1406 1199 1442 quo
1229 1396 1393 1440 cognosci
1412 1405 1494 1441 pos-

182 1455 246 1495 set,
276 1461 355 1486 eum
382 1451 450 1486 hac
480 1450 523 1486 de
553 1461 661 1487 causa
688 1452 816 1495 injuste
835 1451 889 1493 ,de
918 1451 998 1486 aliis
1021 1450 1211 1494 judicasse,
1226 1464 1230 1467 ·
1248 1450 1311 1485 sed
1338 1448 1405 1485 fuit
1430 1450 1495 1485 illa

182 1505 477 1541 excandescentia
500 1505 598 1549 justa
625 1505 669 1541 de
697 1505 865 1551 nequitia,
893 1505 1123 1550 impudentia,
1157 1504 1385 1550 improbitate
1413 1504 1491 1547 viri,

182 1561 243 1606 qui
271 1560 432 1595 minister
459 1561 628 1596 saevitiae
657 1561 910 1605 imperatorum
946 1560 1119 1596 malorum
1154 1560 1306 1605 optimos
1337 1569 1492 1605 quosque

182 1615 342 1650 homines
370 1615 464 1649 illius
492 1615 625 1650 saeculi
652 1615 805 1659 perdere
834 1614 1000 1650 studebat
1027 1614 1074 1659 (I,
1105 1615 1145 1660 5)
1180 1615 1240 1660 qui
1277 1614 1493 1650 hereditates

183 1668 358 1714 captabat
394 1669 442 1711 II,
475 1668 538 1704 20.
569 1671 629 1714 qui
657 1670 755 1705 luctu
782 1669 946 1704 simulato
974 1672 1125 1705 mortem
1151 1667 1214 1704 filii
1241 1669 1362 1704 insane
1396 1668 1493 1712 luge-

181 1724 256 1766 bat,
287 1723 350 1765 IV,
382 1726 419 1766 2,
451 1733 564 1769 „quo,
594 1727 633 1760 ut
658 1724 775 1760 verbis
802 1723 910 1758 Plinii
938 1726 1034 1763 utar,
1065 1723 1294 1766 „mendacius
1310 1722 1398 1758 nihil
1416 1726 1495 1758 erat

184 1786 356 1823 quemque
381 1787 458 1813 esse
487 1776 662 1813 facturum
691 1780 825 1813 certum
855 1780 947 1819 erat,
986 1776 1157 1823 quidquid
1184 1776 1262 1813 fieri
1290 1787 1362 1812 non
1390 1785 1493 1821 opor-

183 1831 317 1869 tebat“.
349 1831 389 1876 (1.
417 1832 443 1868 l.
473 1832 524 1877 8.)

256 1890 258 1892 ’
294 1886 433 1931 Quanto
473 1896 595 1922 amore
635 1885 782 1923 affectus
824 1884 933 1922 fuerit
968 1886 1103 1922 Plinius
1148 1895 1234 1930 erga
1275 1895 1422 1921 uxorem
1458 1888 1495 1921 et

182 1941 327 1985 amicos,
350 1941 425 1985 jam
452 1951 561 1986 supra
589 1941 674 1984 dixi,
718 1943 842 1983 restat,
881 1944 921 1976 ut
955 1940 1203 1983 demonstrem,
1248 1940 1360 1985 qualis
1387 1938 1495 1976 fuerit

182 1996 219 2032 in
247 2005 379 2033 servos.
437 1996 529 2032 Erat
570 1996 604 2032 ei
650 2005 791 2041 semper
827 1996 864 2031 in
897 1995 1014 2032 animo
1050 1999 1087 2032 et
1122 1995 1351 2032 Homericum
1386 1995 1493 2031 illud:

185 2045 356 2098 „namin
386 2043 636 2100 d’a'ica'q'mog
664 2043 782 2098 ἤεν.“
814 2054 851 2086 et
878 2050 947 2086 hoc
974 2050 1190 2086 Romanum:
1237 2053 1368 2095 „pater
1394 2048 1495 2085 fami·

182 2105 293 2141 liae“.
323 2103 368 2142 cf.
398 2105 443 2148 V,
477 2106 539 2148 19,
569 2108 605 2142 2.
664 2104 754 2141 Suos
782 2105 952 2145 nominat,
980 2114 1050 2141 non
1079 2114 1211 2147 servos,
1240 2107 1280 2140 ut
1306 2114 1387 2140 suos
1400 2107 1496 2140 trac-

182 2159 295 2202 tabat,
323 2170 452 2205 magna
481 2170 560 2196 cum
595 2158 766 2196 facilitate
806 2170 867 2196 eos
909 2160 1111 2196 manumisit
1153 2160 1266 2204 iisque
1308 2158 1493 2199 concessit,

183 2217 223 2249 ut
252 2217 463 2250 testamenta
502 2215 603 2259 quasi
646 2213 817 2256 facerent,
862 2223 952 2259 quae
981 2217 1020 2249 ut
1053 2214 1212 2258 legitima
1239 2223 1278 2249 se
1315 2212 1494 2248 custodire

183 2269 260 2314 ipse
290 2267 376 2318 dicit
402 2268 485 2312 Vlll,
520 2270 581 2306 16.
641 2269 690 2305 Ει
717 2278 846 2314 magna
873 2268 963 2304 haec
990 2268 1116 2304 lenitas
1137 2267 1244 2304 Plinii
1272 2270 1361 2307 erat,
1390 2276 1496 2311 prop-

183 2327 285 2359 terea
312 2323 408 2368 quod
436 2333 455 2358 e
482 2323 619 2368 legibus
646 2323 886 2359 Romanorum
914 2323 1023 2359 servis
1050 2332 1120 2358 non
1147 2322 1247 2358 licuit
1273 2321 1329 2357 vel
1357 2321 1495 2366 peculio

184 2377 254 2416 frui
282 2377 338 2414 vel
366 2380 578 2423 potestatem
608 2378 681 2422 ejus
709 2377 853 2423 habere,
881 2387 963 2414 nam
987 2378 1037 2413 ita
1071 2377 1296 2414 constitutum
1325 2380 1415 2416 erat,
1457 2378 1496 2410 ut
