1719 2649
838 92 885 128 18

199 221 281 247 mox
320 210 500 247 desiderat
528 213 565 246 et
600 210 792 246 clementer
828 210 981 245 admotis
1019 207 1239 252 adquiescit“
1281 208 1323 251 V,
1357 209 1419 250 16,
1451 211 1513 244 71.

199 275 303 310 quam
333 265 378 300 ob
407 275 483 301 rem
511 268 648 309 tempus
677 265 847 308 optimum
875 264 1009 300 doloris
1037 262 1231 297 remedium
1259 263 1429 299 nominat.

308 319 467 354 Similem
508 319 813 364 perturbationem
855 315 1197 361 sollicitudinemque
1237 317 1346 353 animi
1377 316 1513 353 Plinius

200 375 363 420 percepit
390 384 410 409 e
437 374 562 410 morbo
589 374 660 409 Titi
689 373 868 409 Aristonis
895 373 925 416 Ι,
959 373 1007 408 22
1039 375 1076 407 et
1103 371 1262 408 Fanniae
1290 372 1411 407 uxoris
1442 372 1514 408 He-

199 428 310 469 lvidii,
356 429 453 471 quus
490 428 703 470 castitatem,
740 428 964 463 sanctitatem
1011 426 1234 469 gravitatem,
1280 426 1513 472 constantiam

199 482 384 527 praedicat
411 492 469 528 ep.
499 482 578 526 VII,
611 484 673 524 19,
713 492 732 518 e
768 485 880 518 morte
910 480 1152 517 Helvidiarum
1191 490 1351 517 sororum
1397 490 1512 525 „quae

201 548 222 572 a
250 541 356 581 partu
385 537 649 580 decesserant“‚
687 540 819 581 quanto
847 546 980 580 angore
1008 535 1155 570 affectus
1184 539 1237 570 est
1266 536 1309 571 de
1338 539 1432 570 sorte
1461 535 1513 569 in-

200 588 362 632 fantium,
393 600 507 635 „qnae
535 590 743 636 parentibus
770 593 899 626 statum
925 594 962 625 et
987 589 1069 625 dum
1089 588 1335 632 nascebantur,
1365 588 1511 625 orbatae

200 648 344 687 erant“,
374 645 417 680 de
446 646 593 688 maritis,
622 645 665 681 de
695 649 797 689 patre
825 645 965 681 illarum
992 644 1055 686 IV,
1075 643 1137 679 21.
1196 644 1324 680 Parem
1354 644 1512 680 dolorem

202 700 371 735 excitavit
399 709 495 735 mors
520 700 608 735 Julii
636 699 745 741 Aviti,
789 700 850 744 qui
877 698 1000 743 procul
1029 708 1051 732 a
1078 698 1149 733 suis
1187 701 1340 733 mortem
1375 697 1515 733 obierat

200 754 245 796 V,
277 755 342 795 21,
375 755 416 796 33
445 757 483 789 et
510 753 675 790 valetudo
704 753 877 789 Passenni
902 753 1018 789 Paulli
1032 752 1096 794 lx,
1128 753 1199 795 223
1228 762 1334 797 quam
1353 752 1513 797 praecla-

199 819 276 843 rum
305 808 504 851 exemplum
533 808 634 843 nobis
662 808 812 852 praebet
840 811 877 843 et
904 807 1037 842 doloris
1065 810 1102 841 et
1129 807 1223 850 grati
1251 807 1360 841 animi
1395 806 1513 842 simul-

200 872 267 906 que
305 861 549 897 admirationis
585 872 641 906 ep.
671 862 701 904 1,
746 863 806 904 12,
843 862 880 896 in
918 871 987 905 qua
1024 861 1067 896 de
1108 864 1221 896 morte
1259 860 1403 896 Corellii
1430 859 1512 895 Rufi

201 926 293 960 „per
318 915 473 951 inediam
500 917 730 952 arcessitam“
759 914 880 950 refert.
940 914 1057 959 Quid?
1083 924 1201 950 noune
1228 914 1423 959 putandum
1447 917 1511 958 est,

199 970 307 1005 talem
343 970 564 1013 praeclaram
593 969 871 1005 misericordiam
898 969 1074 1013 talemque
1102 969 1211 1004 animi
1237 969 1423 1004 mollitiam
1453 978 1512 1004 or·

199 1028 273 1060 tam
310 1034 382 1060 non
420 1034 500 1060 esse
536 1025 604 1059 nisi
641 1024 679 1059 in
714 1024 789 1060 viro
832 1024 965 1068 ingenii
1019 1023 1260 1059 humanissimi
1309 1033 1513 1068 morumque

198 1078 533 1121 honestissimorum,
572 1088 662 1123 quae
691 1078 832 1123 quidem
861 1078 1008 1114 virtutes
1040 1077 1149 1113 talem
1183 1081 1346 1113 naturam
1382 1077 1511 1113 bonam

200 1134 444 1177 integramque
474 1136 510 1168 et
538 1133 635 1168 alere
664 1136 700 1180 et
728 1133 890 1168 excolere
920 1135 957 1167 et
984 1131 1162 1168 efficacem
1181 1132 1331 1168 reddere
1350 1131 1512 1176 possint?

309 1187 418 1221 Nulla
455 1190 573 1221 autem
606 1187 866 1227 malevolentia,
907 1186 1165 1220 obtrectatione
1206 1186 1339 1220 invidia
1376 1186 1511 1220 animus

199 1240 306 1275 Plinii
333 1239 480 1274 suffusus
507 1239 649 1275 videtur
685 1238 809 1284 fuisse;
853 1240 986 1275 nullum
1026 1239 1120 1276 enim
1160 1240 1351 1284 vestigium
1385 1239 1511 1275 horum

199 1295 377 1336 vitiorum,
408 1291 570 1329 omnibus
599 1295 705 1330 etiam
730 1295 871 1338 scriptis
898 1294 1157 1338 pervestigans,
1194 1295 1362 1335 invenies,
1400 1294 1512 1329 multa

200 1352 331 1390 autem,
362 1358 405 1383 ex
434 1348 559 1392 quibus
587 1348 672 1383 satis
701 1352 850 1390 constet,
880 1348 993 1392 ipsum
1021 1348 1209 1383 maximam
1227 1347 1400 1383 laetitiam
1423 1357 1511 1382 sem-

201 1412 265 1447 per
301 1402 503 1448 percepisse
547 1412 566 1438 e
604 1400 774 1439 felicitate
811 1406 847 1439 et
882 1401 987 1438 rebus
1020 1402 1170 1438 aliorum
1206 1402 1379 1444 secundis,
1417 1401 1512 1447 quod

199 1459 276 1501 ipse
304 1456 502 1492 conformat
527 1457 582 1492 his
609 1457 743 1493 verbis:
783 1458 938 1501 „Neque
967 1457 1064 1492 enim
1094 1467 1172 1501 ego,
1210 1460 1249 1491 ut
1276 1457 1388 1497 multi,
1424 1456 1511 1492 invi·

201 1511 268 1546 deo
298 1511 377 1546 aliis
403 1510 509 1553 bono,
549 1521 618 1555 quo
647 1511 724 1555 ipse
753 1521 869 1553 careo,
906 1510 968 1546 sed
1004 1514 1128 1547 contra
1162 1520 1301 1546 sensum
1335 1510 1510 1555 quendam

200 1566 486 1610 voluptatemque
522 1566 694 1609 percipio,
732 1566 763 1600 si
790 1575 844 1607 ea,
881 1575 971 1609 quae
999 1565 1085 1600 mihi
1120 1565 1350 1609 denegantur,
1389 1565 1510 1600 amicis

200 1619 304 1654 video
333 1621 555 1662 superesse.“
612 1619 641 1659 I,
677 1620 737 1660 10,
772 1620 832 1656 12,
891 1620 1030 1662 Quanta
1057 1620 1165 1654 animi
1189 1619 1409 1662 magnitudo,
1440 1627 1510 1663 qua

200 1677 357 1708 nostram
386 1673 545 1717 ipsorum
574 1672 792 1716 voluptatem
818 1682 1021 1718 augeamuS,
1057 1671 1243 1717 fontesque
1271 1673 1508 1717 aegrimoniae

200 1731 237 1763 et
259 1727 504 1762 sollicitudinis
533 1737 577 1762 ex
604 1727 737 1763 invidia
767 1730 866 1763 ortae
895 1728 931 1762 in
968 1725 1084 1763 fontes
1118 1727 1239 1771 gaudii
1280 1727 1509 1771 laetitiaeque

200 1782 463 1816 convertamus!
519 1781 636 1824 Atque
678 1782 785 1816 etiam
832 1792 876 1816 ne
913 1791 998 1816 voce
1043 1781 1187 1825 quidem
1227 1781 1420 1823 „invideo“
1457 1781 1510 1816 uti

200 1835 312 1871 voluit
336 1834 384 1877 11,
416 1835 453 1877 8,
482 1834 632 1879 putabat
660 1835 752 1871 enim
779 1845 927 1879 pravum
955 1835 1216 1880 malignumque
1245 1845 1334 1877 esse,
1364 1845 1434 1871 non
1448 1835 1510 1871 ad-

200 1889 322 1925 mirari
349 1889 507 1924 homines
537 1889 771 1925 admiratione
800 1889 937 1933 dignos,
977 1890 1060 1933 quia
1095 1890 1151 1925 vel
1188 1889 1355 1933 aequales
1393 1892 1510 1924 essent

200 1944 257 1979 vel
284 1944 328 1977 iis
355 1942 449 1978 idem
477 1941 566 1986 finis,
594 1943 653 1987 qui
679 1942 747 1978 sibi
773 1944 853 1987 ipsi,
893 1946 986 1978 esset
1010 1943 1213 1987 propositus
1240 1941 1285 1979 cf.
1313 1942 1343 1985 I,
1377 1943 1439 1985 16,
1471 1944 1507 1979 9.

308 1996 392 2033 Sine
420 1997 494 2032 ulla
521 1997 655 2033 invidia
681 1998 822 2033 summis
850 1997 1013 2033 laudibus
1042 1997 1144 2033 effert
1168 1998 1275 2040 viros,
1305 1998 1365 2041 qui
1384 1998 1509 2034 eodem
1548 2028 1550 2030 .

200 2051 354 2086 mirabili
380 2051 579 2086 litterarum
614 2052 742 2093 studio,
785 2061 854 2095 quo
882 2052 972 2095 ipse,
1007 2052 1157 2093 incensi,
1201 2060 1307 2095 pares
1343 2050 1507 2093 honores,

198 2105 302 2148 paria
330 2104 444 2139 laudis
470 2105 621 2150 insignia
647 2105 751 2149 paria
779 2108 988 2141 ornamenta
1023 2105 1226 2150 captabant,
1264 2114 1411 2150 quorum
1438 2108 1511 2141 stu-

198 2159 259 2194 dia
286 2158 528 2203 praedicabat,
566 2159 801 2196 admiratione
831 2160 1038 2202 exornabat,
1077 2160 1274 2205 quibusque
1305 2160 1437 2203 ⁸iustam
1474 2164 1510 2194 et

200 2212 356 2248 debitam
391 2213 531 2249 laudem
567 2213 797 2251 attribuebat.
854 2214 1046 2249 Videamus
1084 2224 1174 2258 quae
1211 2224 1267 2258 ep.
1306 2213 1335 2257 Ι,
1377 2214 1426 2248 10
1465 2213 1509 2249 de

199 2266 386 2311 Euphrate
415 2267 640 2312 philosopho,
670 2268 700 2310 Ι,
736 2270 782 2304 16
815 2268 859 2304 de
888 2268 1058 2312 Pompejo
1088 2268 1278 2305 Saturnino
1317 2267 1507 2311 causidico,

198 2321 246 2363 11,
278 2324 298 2358 3
331 2321 376 2356 de
404 2321 506 2357 Isaeo
535 2326 689 2365 oratore,
718 2332 822 2365 quem
850 2323 977 2358 audire
1006 2323 1097 2358 tanti
1125 2322 1222 2365 fecit,
1262 2325 1301 2356 ut
1330 2315 1507 2370 ,,α’φιλό-

198 2371 339 2418 καλον,
367 2375 598 2411 inlitteratum
625 2376 721 2411 iners
748 2386 791 2412 ac
818 2386 933 2421 paene
962 2376 1068 2413 etiam
1097 2380 1202 2422 turpe
1224 2386 1300 2412 esse
1327 2379 1507 2421 putaret,“

199 2430 229 2465 si
262 2430 446 2468 occasione
483 2429 579 2473 data,
611 2431 757 2474 juvenes
796 2432 1048 2468 consuetudine
1084 2433 1158 2476 ejus
1190 2441 1261 2467 non
1301 2435 1506 2475 uterentur;
