1719 2649
836 141 881 177 13

208 267 386 310 paratum,
415 264 455 297 ut
482 261 682 306 antiquiora
709 257 876 296 benificia
906 259 1099 302 subvertas,
1126 257 1194 293 nisi
1220 257 1282 295 illa
1307 260 1511 305 posteriori-

208 330 268 356 cus
296 315 468 359 cumules3
496 325 577 351 nam
606 313 800 360 quamlibet
827 324 934 359 saepe
963 312 1124 358 obligati,
1152 312 1184 348 si
1211 313 1296 357 quid
1322 325 1428 350 unum
1450 325 1511 352 ne-

207 384 281 420 ges,
309 372 378 407 hoc
406 370 520 406 solum
547 370 793 413 meminerunt,
824 368 919 414 quod
945 371 1111 414 negatum
1140 370 1229 405 est·“

316 426 449 461 Amicis
477 435 561 461 vero
589 425 742 470 plurima
770 424 1000 461 condonavit:
1036 423 1201 459 Romatio
1229 423 1363 465 Firmo,
1402 425 1512 459 muni-

208 482 279 526 cipi
306 484 342 516 et
369 479 613 516 contubernali
640 479 687 515 ad
713 478 909 523 implendas
937 482 1116 524 equestres
1141 476 1327 515 facultates
1350 482 1511 514 trecenta

213 536 311 572 milia
349 544 526 570 nummum
555 534 700 570 donavit
726 543 770 569 ea
797 533 873 570 sola
900 530 1114 576 conditione,
1163 537 1203 569 ut
1229 533 1400 578 dignitate
1436 533 1510 574 illa,

210 593 249 625 ut
276 598 298 624 a
327 599 364 624 se
393 588 476 623 data
513 588 767 623 modestissime
809 591 967 623 uteretur
992 588 1021 631 Ι,
1052 589 1115 629 19,
1146 590 1181 622 2.
1235 587 1411 623 Metilium
1439 586 1514 621 Cri-

206 652 320 688 spum,
366 642 589 687 municipem,
630 642 688 678 cui
715 641 875 678 ordinem
913 647 1110 688 equestrem
1134 642 1209 686 Jam
1237 644 1342 678 antea
1370 650 1512 686 compa-

207 701 361 743 raverat,
408 696 690 741 proficiscentem
726 697 959 741 quadraginta
994 697 1135 732 milibus
1162 707 1340 732 nummum
1377 697 1424 731 ad
1459 697 1511 730 in-

208 752 414 787 struendum
442 761 480 786 se
509 750 772 795 ornandumque
801 751 945 795 adjuvit,
972 751 1034 795 VI,
1065 751 1130 793 25,
1160 752 1214 793 3„
1242 750 1341 786 dedit
1369 750 1511 785 Valerio

205 805 371 842 Martiali
400 805 564 841 viaticum
592 805 658 848 III,
689 807 754 848 21,
784 808 835 848 2.,
878 806 1021 841 donavit
1060 805 1188 841 nutrici
1215 805 1366 850 agellum
1394 805 1509 849 pretio

206 863 349 895 centum
378 859 477 894 milia
504 870 692 903 nummum,
733 859 842 895 filiam
870 860 1076 904 Quintiliani
1110 860 1280 904 magistri,
1322 862 1510 903 nupturam

209 914 290 949 dote
323 913 574 958 quinquaginta
609 914 743 949 milium
780 914 919 949 ornavit
960 914 1101 957 verituS,
1143 923 1187 949 ne
1227 914 1339 958 majus
1381 913 1508 949 donum

208 968 422 1005 verecundia
462 971 696 1005 recusaretur.
739 968 801 1011 VI,
833 969 897 1011 32,
926 970 963 1007 2.
1021 968 1213 1011 Calviniae,
1254 967 1347 1004 filiae
1393 967 1508 1011 amici,

204 1022 350 1058 nubenti
376 1023 413 1058 in
442 1023 559 1058 dotem
587 1027 725 1058 centum
752 1023 850 1058 milia
878 1023 976 1059 dedit
1002 1027 1146 1068 praeter
1179 1023 1285 1058 aliam
1326 1032 1506 1064 summam,

204 1086 310 1121 quam
333 1077 408 1120 jam
437 1080 544 1112 antea
572 1076 615 1112 de
643 1087 705 1113 suo
734 1077 888 1114 solverat
920 1077 967 1123 Π,
996 1079 1034 1121 4,
1064 1079 1108 1121 2;
1146 1077 1280 1112 remisit
1311 1077 1507 1121 negotiato—

205 1131 313 1173 ribus,
344 1131 403 1175 qui
430 1131 621 1167 vindemias
650 1135 822 1173 emerant,
850 1142 895 1168 ne
923 1132 960 1167 in
982 1131 1156 1168 fructuum
1175 1132 1375 1167 calamitate
1395 1131 1506 1175 maius

206 1185 369 1220 damnum
396 1183 567 1228 facerent,
597 1195 725 1230 magna
750 1184 921 1222 facilitate
948 1196 1111 1230 magnam
1125 1188 1265 1230 partem
1279 1185 1505 1230 pecuniarum

206 1238 402 1274 debitarum
430 1238 527 1282 VIII,
556 1241 593 1276 2.

316 1293 640 1328 Praeclarissimum
691 1303 775 1329 vero
827 1294 1024 1337 exemplum
1068 1293 1292 1328 liberalitatis
1329 1291 1507 1336 praestitit

205 1346 340 1381 Plinius
369 1345 609 1391 Comensibus,
640 1347 699 1392 qui
727 1357 832 1392 quum
858 1347 979 1383 schola
1006 1346 1148 1392 publica-
1177 1349 1351 1389 carerent,
1374 1345 1506 1380 liberos

206 1401 417 1437 erudiendos
445 1401 686 1437 Mediolanum
713 1402 853 1438 mittere
881 1402 996 1437 coacti
1023 1405 1135 1438 erant.
1192 1402 1270 1446 Qua
1296 1410 1336 1436 re
1355 1410 1506 1436 commo-

205 1458 262 1490 tus
291 1460 327 1490 et
355 1454 487 1491 liberos
514 1455 610 1490 nullo
639 1455 710 1491 alio
737 1456 817 1492 loco
841 1456 1028 1500 ,iucundius
1054 1453 1198 1498 morari,
1233 1465 1337 1501 quam
1373 1455 1408 1489 in
1444 1464 1506 1499 pa-

206 1510 276 1546 tria
302 1512 364 1545 aut
389 1509 549 1555 pudicius
577 1510 750 1547 contineri
777 1520 881 1556 quam
909 1510 972 1547 sub
1000 1511 1108 1547 oculis
1135 1511 1334 1556 parentium
1362 1512 1423 1545 aut
1443 1509 1507 1545 mi-

205 1574 291 1600 nore
320 1568 461 1608 sumptu
488 1574 593 1608 quam
622 1565 717 1600 domi
743 1569 853 1608 ratus,
880 1566 1019 1610 patriae
1060 1566 1184 1611 „quasi
1214 1564 1309 1601 filiae
1346 1564 1403 1600 vel
1444 1573 1507 1608 pa-

206 1618 321 1654 renti“
356 1616 435 1666 (IV,
469 1620 530 1661 13,
562 1619 614 1664 5.)
642 1620 784 1655 tertiam
812 1623 949 1664 partem
975 1621 1147 1664 pecuniae
1177 1620 1223 1656 ad
1260 1616 1417 1655 scholam
1454 1618 1507 1653 in-

206 1671 418 1707 stituendam
445 1673 666 1708 necessariae
693 1674 883 1717 praestitit,
912 1674 1053 1717 veritus,
1081 1684 1126 1709 ne
1153 1674 1183 1708 si
1210 1676 1322 1709 totam
1337 1673 1504 1713 dedisset,

210 1726 301 1770 „hoc
328 1736 451 1762 munus
479 1726 689 1772 quandoque
718 1726 851 1764 ambitu
888 1730 1213 1773 corrumperetur“;
1252 1727 1309 1763 cui
1344 1725 1503 1772 periculo

207 1791 249 1817 eo
278 1781 414 1816 mederi
441 1781 617 1824 studebat,
658 1785 698 1817 ut
724 1782 929 1826 parentibus
957 1783 1057 1826 quasi
1082 1781 1325 1818 fundatoribus
1361 1781 1503 1816 scholae

201 1835 258 1879 Jus
285 1837 556 1879 praeceptorum
584 1835 890 1872 conducendorum
923 1836 1151 1881 relinqueret:
1194 1845 1297 1879 „nam
1336 1835 1396 1879 qui
1432 1833 1504 1871 sor-

204 1893 298 1925 tasse
327 1888 371 1925 de
400 1889 516 1926 alieno
543 1891 760 1935 negligentes
788 1894 885 1927 certe
914 1891 957 1927 de
986 1901 1048 1927 suo
1083 1891 1268 1936 diligentes
1304 1893 1407 1925 erunt
1441 1890 1503 1926 da-

201 1944 356 1988 buntque
385 1953 542 1988 operam,
577 1955 622 1981 ne
651 1955 673 1981 a
700 1955 756 1980 me
783 1946 968 1989 pecuniam
995 1955 1065 1981 non
1091 1946 1158 1980 nisi
1185 1945 1309 1989 dignus
1337 1944 1501 1987 accipiat,

201 1997 232 2033 si
259 2000 467 2042 accepturus
495 2001 532 2034 et
559 1998 604 2035 ab
631 1999 717 2044 ipsis
744 1999 847 2036 erit.“
878 1999 939 2043 IV,
956 2001 1018 2042 13,
1048 2000 1086 2037 8.
1115 1999 1253 2044 Quanta
1268 2007 1353 2035 vero
1368 2007 1503 2033 summa

200 2051 302 2096 hujus
337 2052 508 2096 pecuniae
544 2051 662 2097 fuerit,
718 2056 870 2098 apparet
906 2063 950 2088 ex
987 2063 1043 2098 ep.
1080 2054 1124 2096 V,
1165 2054 1200 2097 7,
1240 2054 1277 2095 3,
1312 2051 1373 2087 ubi
1401 2052 1499 2094 dicit,

201 2116 239 2142 se
266 2106 407 2151 patriae
445 2106 490 2143 de
518 2116 581 2144 suo
610 2108 809 2144 sestertium
839 2106 1023 2156 (se)decies
1052 2108 1127 2152 jam
1162 2107 1364 2144 contulisse.
1409 2106 1501 2151 Quin

201 2161 322 2205 etiam,
362 2171 467 2205 quum
505 2172 527 2197 a
555 2161 744 2199 Saturnino
771 2163 874 2198 heres
910 2161 1035 2204 factus,
1080 2163 1140 2207 qui
1167 2161 1394 2198 Comensibus
1434 2171 1500 2205 pro

200 2215 395 2261 quadrante
436 2217 725 2261 praeceptionem
770 2217 1100 2262 quadringentorum
1152 2216 1285 2252 milium
1338 2216 1499 2258 dederat,

201 2270 296 2314 quod
323 2279 368 2305 ex
395 2270 635 2307 Romanorum
662 2271 799 2317 legibus
826 2272 963 2307 irritum
991 2275 1079 2314 erat,
1135 2272 1227 2307 hanc
1264 2273 1451 2316 pecuniam
1477 2280 1501 2306 a

202 2323 429 2361 Comensibus
456 2335 645 2370 reposcere
673 2329 803 2370 posset,
835 2329 953 2362 tamen
988 2326 1204 2363 voluntatem
1241 2325 1397 2364 defuncti
1424 2326 1501 2371 plu-

201 2379 250 2413 ris
278 2379 467 2415 aestimans
495 2390 597 2424 quam
611 2381 679 2424 jus,
706 2381 804 2416 illam
821 2380 1053 2416 hereditatem
1070 2382 1112 2416 iis
1130 2381 1354 2419 condonavit.
1383 2380 1500 2428 (ibid.)

199 2432 249 2467 Et
282 2436 427 2478 praeter
464 2434 552 2471 haec
587 2433 759 2472 beneficia
794 2435 891 2471 aliud
927 2444 1065 2480 quoque
1103 2436 1234 2472 donum
1268 2435 1500 2481 municipibus

199 2489 388 2532 praestitit.
443 2489 718 2527 Munificentiam
746 2492 838 2527 enim
866 2490 937 2527 divi
963 2490 1107 2537 Trajani
1133 2492 1359 2538 imperatoris
1386 2493 1499 2529 imita-
